@ARTICLE{Abbett:2003,
   author = {{Abbett}, W.~P. and {Fisher}, G.~H.},
    title = "{A Coupled Model for the Emergence of Active Region Magnetic Flux into the Solar Corona}",
  journal = {Astrophysical Journal},
     year = 2003,
    month = jan,
   volume = 582,
    pages = {475-485},
      doi = {10.1086/344613},
   adsurl = {http://adsabs.harvard.edu/abs/2003ApJ...582..475A},
  adsnote = {Provided by the SAO/NASA Astrophysics Data System}
}

@ARTICLE{Abramenko:2005,
   author = {{Abramenko}, V.~I.},
    title = "{Relationship between Magnetic Power Spectrum and Flare Productivity in Solar Active Regions}",
  journal = {\apj},
 keywords = {Sun: Flares, Sun: Magnetic Fields, Turbulence},
     year = 2005,
    month = aug,
   volume = 629,
    pages = {1141-1149},
      doi = {10.1086/431732},
   adsurl = {http://adsabs.harvard.edu/abs/2005ApJ...629.1141A},
  adsnote = {Provided by the SAO/NASA Astrophysics Data System}
}

@ARTICLE{Ahmed:2011,
   author = {{Ahmed}, O.~W. and {Qahwaji}, R. and {Colak}, T. and {Higgins}, P.~A. and 
	{Gallagher}, P.~T. and {Bloomfield}, D.~S.},
    title = "{Solar Flare Prediction Using Advanced Feature Extraction, Machine Learning, and Feature Selection}",
  journal = {\solphys},
 keywords = {Active regions, magnetic fields, Flares, forecasting, Photosphere, Space weather, Feature extraction, Machine learning, Feature selection},
     year = 2011,
    month = nov,
    pages = {404},
      doi = {10.1007/s11207-011-9896-1},
   adsurl = {http://adsabs.harvard.edu/abs/2011SoPh..tmp..404A},
  adsnote = {Provided by the SAO/NASA Astrophysics Data System}
}

@article {Ahmed:2010,
   author = {Ahmed, O. and Qahwaji, R. and Colak, T. and Dudok�De�Wit, T. and Ipson, S.},
   affiliation = {University of Bradford School of Computing, Informatics and Media Bradford BD7 1DP UK},
   title = {A new technique for the calculation and 3D visualisation of�magnetic complexities on solar satellite images},
   journal = {The Visual Computer},
   publisher = {Springer Berlin / Heidelberg},
   issn = {0178-2789},
   keyword = {Computer Science},
   pages = {385-395},
   volume = {26},
   issue = {5},
   url = {http://dx.doi.org/10.1007/s00371-010-0418-1},
   note = {10.1007/s00371-010-0418-1},
   year = {2010}
}

@BOOK{Allen:1973,
   author = {{Allen}, C.~W.},
    title = "{Astrophysical quantities}",
 keywords = {ASTROPHYSICS, ASTRONOMICAL CONSTANTS, TABLES, HANDBOOKS},
publisher = {London: University of London, Athlone Press, |c1973, 3rd ed.},
     year = 1973,
   adsurl = {http://adsabs.harvard.edu/abs/1973asqu.book.....A},
  adsnote = {Provided by the SAO/NASA Astrophysics Data System}
}
%    booktitle = "{Astrophysical quantities}",
%   editor = "{Allen, C.~W.}",

@ARTICLE{Alissandrakis:1981,
   author = {{Alissandrakis}, C.~E.},
    title = "{On the computation of constant alpha force-free magnetic field}",
  journal = {Astronomy and Astrophysics},
     year = 1981,
    month = jul,
   volume = 100,
    pages = {197-200},
   adsurl = {http://adsabs.harvard.edu/abs/1981A},
  adsnote = {Provided by the SAO/NASA Astrophysics Data System}
}

@ARTICLE{Aly:1984,
   author = {{Aly}, J.~J.},
    title = "{On some properties of force-free magnetic fields in infinite regions of space}",
  journal = {\apj},
 keywords = {FORCE-FREE MAGNETIC FIELDS, MAGNETOHYDRODYNAMICS, SOLAR MAGNETIC FIELD, STELLAR MAGNETIC FIELDS, BOUNDARY VALUE PROBLEMS, HALF SPACES, SOLAR FLARES, STELLAR MODELS},
     year = 1984,
    month = aug,
   volume = 283,
    pages = {349-362},
      doi = {10.1086/162313},
   adsurl = {http://adsabs.harvard.edu/abs/1984ApJ...283..349A},
  adsnote = {Provided by the SAO/NASA Astrophysics Data System}
}

@ARTICLE{Antalova:1996,
   author = {{Antalova}, A.},
    title = "{Daily Soft X-Ray Flare Index (1969=1972)}",
  journal = {Contributions of the Astronomical Observatory Skalnate Pleso},
 keywords = {SOLAR X-RAYS, SOLAR FLARES, MAGNETIC FIELD RECONNECTION, HELIOSPHERE, INDEXES (RATIOS), SOLAR FLUX},
     year = 1996,
    month = oct,
   volume = 26,
    pages = {98-120},
   adsurl = {http://adsabs.harvard.edu/abs/1996CoSka..26...98A},
  adsnote = {Provided by the SAO/NASA Astrophysics Data System}
}

@ARTICLE{Aschwanden:1999,
   author = {{Aschwanden}, M.~J. and {Kosugi}, T. and {Hanaoka}, Y. and {Nishio}, M. and 
	{Melrose}, D.~B.},
    title = "{Quadrupolar Magnetic Reconnection in Solar Flares. I. Three-dimensional Geometry Inferred from Yohkoh Observations}",
  journal = {Astrophysical Journal},
     year = 1999,
    month = dec,
   volume = 526,
    pages = {1026-1045},
      doi = {10.1086/308025},
   adsurl = {http://adsabs.harvard.edu/abs/1999ApJ...526.1026A},
  adsnote = {Provided by the SAO/NASA Astrophysics Data System}
}

@ARTICLE{Aschwanden:1999b,
   author = {{Aschwanden}, M.~J. and {Newmark}, J.~S. and {Delaboudini{\`e}re}, J.-P. and 
	{Neupert}, W.~M. and {Klimchuk}, J.~A. and {Gary}, G.~A. and 
	{Portier-Fozzani}, F. and {Zucker}, A.},
    title = "{Three-dimensional Stereoscopic Analysis of Solar Active Region Loops. I. SOHO/EIT Observations at Temperatures of (1.0-1.5) X 10\^{}6 K}",
  journal = {\apj},
 keywords = {SUN: ACTIVITY, SUN: CORONA, SUN: UV RADIATION, TECHNIQUES: IMAGE PROCESSING},
     year = 1999,
    month = apr,
   volume = 515,
    pages = {842-867},
      doi = {10.1086/307036},
   adsurl = {http://adsabs.harvard.edu/abs/1999ApJ...515..842A},
  adsnote = {Provided by the SAO/NASA Astrophysics Data System}
}

@ARTICLE{Aschwanden:2005,
   author = {{Aschwanden}, M.~J.},
    title = "{Physics of the Solar Corona. An Introduction with Problems and Solutions (2nd edition)}",
  journal = {Pour la Science},
     year = 2005,
    month = dec,
   adsurl = {http://adsabs.harvard.edu/abs/2005psci.book.....A},
  adsnote = {Provided by the SAO/NASA Astrophysics Data System}
}

@ARTICLE{Aschwanden:2008,
   author = {{Aschwanden}, M.~J. and {Nitta}, N.~V. and {Wuelser}, {J.-P.} and 
	{Lemen}, J.~R.},
    title = "{First 3D Reconstructions of Coronal Loops with the STEREO A+B Spacecraft. II. Electron Density and Temperature Measurements}",
  journal = {Astrophysical Journal},
 keywords = {Sun: Corona, Sun: UV Radiation},
     year = 2008,
    month = jun,
   volume = 680,
    pages = {1477-1495},
      doi = {10.1086/588014},
   adsurl = {http://adsabs.harvard.edu/abs/2008ApJ...680.1477A},
  adsnote = {Provided by the SAO/NASA Astrophysics Data System}
}

@ARTICLE{Aschwanden:2010,
   author = {{Aschwanden}, M.~J.},
    title = "{A Code for Automated Tracing of Coronal Loops Approaching Visual Perception}",
  journal = {\solphys},
 keywords = {Sun: EUV, Sun: magnetic fields, Methods: pattern recognition},
     year = 2010,
    month = apr,
   volume = 262,
    pages = {399-423},
      doi = {10.1007/s11207-010-9531-6},
   adsurl = {http://adsabs.harvard.edu/abs/2010SoPh..262..399A},
  adsnote = {Provided by the SAO/NASA Astrophysics Data System}
}

@BOOK{Aschwanden:2011,
   author = {{Aschwanden}, M.~J.},
    title = "{Self-Organized Criticality in Astrophysics}",
booktitle = {Self-Organized Criticality in Astrophysics, by Markus J.~Aschwanden.~ Springer-Praxis, Berlin ISBN 978-3-642-15000-5, 416p.},
     year = 2011,
   adsurl = {http://adsabs.harvard.edu/abs/2011soca.book.....A},
  adsnote = {Provided by the SAO/NASA Astrophysics Data System}
}

@ARTICLE{Attie:2009,
   author = {{Attie}, R. and {Innes}, D.~E. and {Potts}, H.~E.},
    title = "{Evidence of photospheric vortex flows at supergranular junctions observed by FG/SOT (Hinode)}",
  journal = {\aap},
archivePrefix = "arXiv",
   eprint = {0811.3445},
 keywords = {Sun: photosphere, Sun: granulation},
     year = 2009,
    month = jan,
   volume = 493,
    pages = {L13-L16},
      doi = {10.1051/0004-6361:200811258},
   adsurl = {http://adsabs.harvard.edu/abs/2009A%26A...493L..13A},
  adsnote = {Provided by the SAO/NASA Astrophysics Data System}
}

@ARTICLE{Babcock:1953,
   author = {{Babcock}, H.~W.},
    title = "{The Solar Magnetograph.}",
  journal = {Astrophysical Journal},
     year = 1953,
    month = nov,
   volume = 118,
    pages = {387-+},
   adsurl = {http://adsabs.harvard.edu/abs/1953ApJ...118..387B},
  adsnote = {Provided by the SAO/NASA Astrophysics Data System}
}

@ARTICLE{Babcock:1961,
   author = {{Babcock}, H.~W.},
    title = "{The Topology of the Sun's Magnetic Field and the 22-YEAR Cycle.}",
  journal = {\apj},
     year = 1961,
    month = mar,
   volume = 133,
    pages = {572-+},
      doi = {10.1086/147060},
   adsurl = {http://adsabs.harvard.edu/abs/1961ApJ...133..572B},
  adsnote = {Provided by the SAO/NASA Astrophysics Data System}
}

@ARTICLE{Bahcall:1992,
   author = {{Bahcall}, J.~N. and {Pinsonneault}, M.~H.},
    title = "{Standard solar models, with and without hem diffusion, and the solar neutrino problem}",
  journal = {Reviews of Modern Physics},
     year = 1992,
    month = oct,
   volume = 64,
    pages = {885-926},
      doi = {10.1103/RevModPhys.64.885},
   adsurl = {http://adsabs.harvard.edu/abs/1992RvMP...64..885B},
  adsnote = {Provided by the SAO/NASA Astrophysics Data System}
}

@ARTICLE{Bahcall:2004,
   author = {{Bahcall}, J.~N. and {Pinsonneault}, M.~H.},
    title = "{What Do We (Not) Know Theoretically about Solar Neutrino Fluxes?}",
  journal = {Physical Review Letters},
   eprint = {arXiv:astro-ph/0402114},
 keywords = {Solar neutrinos, Neutrino mass and mixing, Solar interior},
     year = 2004,
    month = mar,
   volume = 92,
   number = 12,
      eid = {121301},
    pages = {121301},
      doi = {10.1103/PhysRevLett.92.121301},
   adsurl = {http://adsabs.harvard.edu/abs/2004PhRvL..92l1301B},
  adsnote = {Provided by the SAO/NASA Astrophysics Data System}
}

@ARTICLE{Bahcall:2004b,
   author = {{Bahcall}, J.~N. and {Serenelli}, A.~M. and {Pinsonneault}, M.
	},
    title = "{How Accurately Can We Calculate the Depth of the Solar Convective Zone?}",
  journal = {\apj},
   eprint = {arXiv:astro-ph/0403604},
 keywords = {Atomic Data, Convection, Methods: Numerical, Sun: Interior},
     year = 2004,
    month = oct,
   volume = 614,
    pages = {464-471},
      doi = {10.1086/423027},
   adsurl = {http://cdsads.u-strasbg.fr/abs/2004ApJ...614..464B},
  adsnote = {Provided by the SAO/NASA Astrophysics Data System}
}


@ARTICLE{Barnes:2006,
   author = {{Barnes}, G. and {Leka}, K.~D.},
    title = "{Photospheric Magnetic Field Properties of Flaring versus Flare-quiet Active Regions. III. Magnetic Charge Topology Models}",
  journal = {\apj},
 keywords = {Sun: Activity, Sun: Corona, Sun: Flares, Sun: Magnetic Fields, Sun: Photosphere},
     year = 2006,
    month = aug,
   volume = 646,
    pages = {1303-1318},
      doi = {10.1086/504960},
   adsurl = {http://adsabs.harvard.edu/abs/2006ApJ...646.1303B},
  adsnote = {Provided by the SAO/NASA Astrophysics Data System}
}

@ARTICLE{Barra:2009,
   author = {{Barra}, V. and {Delouille}, V. and {Kretzschmar}, M. and {Hochedez}, J.-F.
	},
    title = "{Fast and robust segmentation of solar EUV images: algorithm and results for solar cycle 23}",
  journal = {\aap},
 keywords = {techniques: image processing, Sun: corona, Sun: activity, Sun: rotation, Sun: UV radiation},
     year = 2009,
    month = oct,
   volume = 505,
    pages = {361-371},
      doi = {10.1051/0004-6361/200811416},
   adsurl = {http://adsabs.harvard.edu/abs/2009A%26A...505..361B},
  adsnote = {Provided by the SAO/NASA Astrophysics Data System}
}

@INPROCEEDINGS{Bentley:2002,
   author = {{Bentley}, R.~D. and {EGSO Consortium}},
    title = "{EGSO - the European Grid of Solar Observations}",
 keywords = {Solar Observations: Space Instrumentation},
booktitle = {Solar Variability: From Core to Outer Frontiers},
     year = 2002,
   series = {ESA Special Publication},
   volume = 506,
   editor = "{A.~Wilson}",
    month = dec,
    pages = {923-926},
   adsurl = {http://adsabs.harvard.edu/abs/2002ESASP.506..923B},
  adsnote = {Provided by the SAO/NASA Astrophysics Data System}
}

@ARTICLE{Berger:1996,
   author = {{Berger}, T.~E. and {Title}, A.~M.},
    title = "{On the Dynamics of Small-Scale Solar Magnetic Elements}",
  journal = {\apj},
 keywords = {MAGNETOHYDRODYNAMICS: MHD, SUN: FACULAE, PLAGES, SUN: MAGNETIC FIELDS, SUN: PHOTOSPHERE},
     year = 1996,
    month = may,
   volume = 463,
    pages = {365},
      doi = {10.1086/177250},
   adsurl = {http://adsabs.harvard.edu/abs/1996ApJ...463..365B},
  adsnote = {Provided by the SAO/NASA Astrophysics Data System}
}

@ARTICLE{Berger:1998,
   author = {{Berger}, T.~E. and {L{\"o}fdahl}, M.~G. and {Shine}, R.~A. and 
	{Title}, A.~M.},
    title = "{Measurements of Solar Magnetic Element Dispersal}",
  journal = {\apj},
 keywords = {SUN: FACULAE, PLAGES, SUN: MAGNETIC FIELDS, SUN: PHOTOSPHERE},
     year = 1998,
    month = oct,
   volume = 506,
    pages = {439-449},
      doi = {10.1086/306228},
   adsurl = {http://adsabs.harvard.edu/abs/1998ApJ...506..439B},
  adsnote = {Provided by the SAO/NASA Astrophysics Data System}
}

@ARTICLE{Bloomfield:2012a,
   author = {{Bloomfield}, D.~S. and {{\bf Higgins}}, {\bf P.~A.} and {McAteer}, R.~T.~J. and 
	{Gallagher}, P.~T.},
    title = "{Toward Reliable Benchmarking of Solar Flare Forecasting Methods}",
  journal = {\apjl},
archivePrefix = "arXiv",
   eprint = {1202.5995},
 primaryClass = "astro-ph.SR",
 keywords = {magnetic fields, Sun: activity, Sun: flares, sunspots },
     year = 2012,
    month = mar,
   volume = 747,
      eid = {L41},
    pages = {L41},
      doi = {10.1088/2041-8205/747/2/L41},
   adsurl = {http://adsabs.harvard.edu/abs/2012ApJ...747L..41B},
  adsnote = {Provided by the SAO/NASA Astrophysics Data System}
}

@ARTICLE{Bloomfield:2012b,
   author = {{Bloomfield}, D.~S. and {Gallagher}, P.~T. and {Carley}, E. and {Higgins}, P.~A. and {Long}, D.~M. and {Maloney}, S.~A. and {Murray}, S.~A. and {O'Flannagain}, A. and {P\'erez-Su\'arez}, D. and {Ryan}, D. and {Zucca}, P.},
    title = "{A Comprehensive Overview of the 2011\,June\,7 Solar Storm}",
  journal = {Astronomy \& Astrophysics},
     year = 2012,
    month = may,
    note = {in prep}
}

@ARTICLE{Brandenburg:2005,
   author = {{Brandenburg}, A.},
    title = "{The Case for a Distributed Solar Dynamo Shaped by Near-Surface Shear}",
  journal = {\apj},
   eprint = {arXiv:astro-ph/0502275},
 keywords = {Magnetohydrodynamics: MHD, Sun: Magnetic Fields, Sun: Sunspots},
     year = 2005,
    month = may,
   volume = 625,
    pages = {539-547},
      doi = {10.1086/429584},
   adsurl = {http://adsabs.harvard.edu/abs/2005ApJ...625..539B},
  adsnote = {Provided by the SAO/NASA Astrophysics Data System}
}

@INPROCEEDINGS{breese:1998,
    AUTHOR = "John S. Breese and David Heckerman and Carl Kadie",
    TITLE = "Empirical analysis of predictive algorithms for collaborative filtering",
    BOOKTITLE = "Proceedings of the Fourteenth Annual Conference on Uncertainty in Artificial Intelligence (UAI '98), San Francisco, CA, USA",
    PAGES = "43-52",
    MONTH = "July",
    YEAR = {1998}  
}

@ARTICLE{Brickhouse:1988,
   author = {{Brickhouse}, N.~S. and {Labonte}, B.~J.},
    title = "{Mass and energy flow near sunspots. I - Observations of moat properties}",
  journal = {\solphys},
 keywords = {FLUX DENSITY, MAGNETIC FLUX, MASS FLOW, SOLAR MAGNETIC FIELD, SUNSPOTS, FLOW DISTRIBUTION, GAS FLOW, TEMPERATURE DISTRIBUTION, VELOCITY DISTRIBUTION},
     year = 1988,
    month = mar,
   volume = 115,
    pages = {43-60},
      doi = {10.1007/BF00146229},
   adsurl = {http://adsabs.harvard.edu/abs/1988SoPh..115...43B},
  adsnote = {Provided by the SAO/NASA Astrophysics Data System}
}

@INPROCEEDINGS{Brown:1984,
   author = {{Brown}, T.~M.},
    title = "{The Fourier tachometer 2: an instrument for measuring global solar velocity fields}",
 keywords = {SOLAR OSCILLATIONS, SOLAR SPECTRA, TACHOMETERS, VELOCITY MEASUREMENT, DOPPLER EFFECT, FIELD OF VIEW, NOISE SPECTRA, SIGNAL DISTORTION},
booktitle = {Solar Seismology from Space},
     year = 1984,
   editor = "{R.~K.~Ulrich, J.~Harvey, E.~J.~Rhodes Jr., \& J.~Toomre}",
    month = dec,
    pages = {157-163},
   adsurl = {http://adsabs.harvard.edu/abs/1984sses.nasa..157B},
  adsnote = {Provided by the SAO/NASA Astrophysics Data System}
}

@ARTICLE{Brown:2003,
   author = {{Brown}, D.~S. and {Nightingale}, R.~W. and {Alexander}, D. and 
	{Schrijver}, C.~J. and {Metcalf}, T.~R. and {Shine}, R.~A. and 
	{Title}, A.~M. and {Wolfson}, C.~J.},
    title = "{Observations of Rotating Sunspots from TRACE}",
  journal = {\solphys},
     year = 2003,
    month = sep,
   volume = 216,
    pages = {79-108},
      doi = {10.1023/A:1026138413791},
   adsurl = {http://adsabs.harvard.edu/abs/2003SoPh..216...79B},
  adsnote = {Provided by the SAO/NASA Astrophysics Data System}
}

@ARTICLE{brueckner:1995,
   author = {{Brueckner}, G.~E. and {Howard}, R.~A. and {Koomen}, M.~J. and 
	{Korendyke}, C.~M. and {Michels}, D.~J. and {Moses}, J.~D. and 
	{Socker}, D.~G. and {Dere}, K.~P. and {Lamy}, P.~L. and {Llebaria}, A. and 
	{Bout}, M.~V. and {Schwenn}, R. and {Simnett}, G.~M. and {Bedford}, D.~K. and 
	{Eyles}, C.~J.},
    title = "{The Large Angle Spectroscopic Coronagraph (LASCO)}",
  journal = {\solphys},
 keywords = {Sun, Corona, Coronagraph},
     year = 1995,
    month = dec,
   volume = 162,
    pages = {357-402},
      doi = {10.1007/BF00733434},
   adsurl = {http://adsabs.harvard.edu/abs/1995SoPh..162..357B},
  adsnote = {Provided by the SAO/NASA Astrophysics Data System}
}

@ARTICLE{Brun:2004,
   author = {{Brun}, A.~S. and {Miesch}, M.~S. and {Toomre}, J.},
    title = "{Global-Scale Turbulent Convection and Magnetic Dynamo Action in the Solar Envelope}",
  journal = {\apj},
   eprint = {arXiv:astro-ph/0610073},
 keywords = {Convection, Magnetohydrodynamics: MHD, Sun: Magnetic Fields, Turbulence},
     year = 2004,
    month = oct,
   volume = 614,
    pages = {1073-1098},
      doi = {10.1086/423835},
   adsurl = {http://adsabs.harvard.edu/abs/2004ApJ...614.1073B},
  adsnote = {Provided by the SAO/NASA Astrophysics Data System}
}

@ARTICLE{Byrne:2012,
   author = {{Byrne}, J.~P.},
    title = "{The Kinematics and Morphology of Solar Coronal Mass Ejections}",
  journal = {ArXiv e-prints},
archivePrefix = "arXiv",
   eprint = {1202.4005},
 primaryClass = "astro-ph.SR",
 keywords = {Astrophysics - Solar and Stellar Astrophysics},
     year = 2012,
    month = feb,
   adsurl = {http://adsabs.harvard.edu/abs/2012arXiv1202.4005B},
  adsnote = {Provided by the SAO/NASA Astrophysics Data System}
}

@ARTICLE{Caligari:1995,
   author = {{Caligari}, P. and {Moreno-Insertis}, F. and {Schussler}, M.
	},
    title = "{Emerging flux tubes in the solar convection zone. 1: Asymmetry, tilt, and emergence latitude}",
  journal = {\apj},
 keywords = {CORONAL LOOPS, MAGNETIC FLUX, MAGNETOHYDRODYNAMICS, PHOTOSPHERE, SOLAR CONVECTION (ASTRONOMY), SOLAR MAGNETIC FIELD, ASYMMETRY, ATTITUDE (INCLINATION), EMERGING, LATITUDE, STABILITY},
     year = 1995,
    month = mar,
   volume = 441,
    pages = {886-902},
      doi = {10.1086/175410},
   adsurl = {http://adsabs.harvard.edu/abs/1995ApJ...441..886C},
  adsnote = {Provided by the SAO/NASA Astrophysics Data System}
}

@ARTICLE{Carcedo:2003,
   author = {{Carcedo}, L. and {Brown}, D.~S. and {Hood}, A.~W. and {Neukirch}, T. and 
	{Wiegelmann}, T.},
    title = "{A Quantitative Method to Optimise Magnetic Field Line Fitting of Observed Coronal Loops}",
  journal = {Solar Physics},
     year = 2003,
    month = dec,
   volume = 218,
    pages = {29-40},
      doi = {10.1023/B:SOLA.0000013045.65499.da},
   adsurl = {http://adsabs.harvard.edu/abs/2003SoPh..218...29C},
  adsnote = {Provided by the SAO/NASA Astrophysics Data System}
}

@ARTICLE{Carrington:1854,
   author = {{Carrington}, R.~C.},
    title = "{Method of observing the Positions of Spots on the Sun}",
  journal = {Meetings of the Royal Astronomical Society},
     year = 1854,
    month = mar,
   volume = 14,
    pages = {153-158},
   adsurl = {http://adsabs.harvard.edu/abs/1854MNRAS..14..153C},
  adsnote = {Provided by the SAO/NASA Astrophysics Data System}
}

@ARTICLE{Chae:2004,
   author = {{Chae}, J. and {Moon}, {Y.-J.} and {Park}, {Y.-D.}},
    title = "{Determination of magnetic helicity content of solar active regions from SOHO/MDI magnetograms}",
  journal = {Solar Physics},
     year = 2004,
    month = sep,
   volume = 223,
    pages = {39-55},
      doi = {10.1007/s11207-004-0938-9},
   adsurl = {http://adsabs.harvard.edu/abs/2004SoPh..223...39C},
  adsnote = {Provided by the SAO/NASA Astrophysics Data System}
}

@ARTICLE{Chae:2001,
   author = {{Chae}, J.},
    title = "{Observational Determination of the Rate of Magnetic Helicity Transport through the Solar Surface via the Horizontal Motion of Field Line Footpoints}",
  journal = {Astrophysical Journal},
 keywords = {Sun: Atmospheric Motions, Sun: Corona, Sun: Magnetic Fields, Sun: Photosphere},
     year = 2001,
    month = oct,
   volume = 560,
    pages = {L95-L98},
      doi = {10.1086/324173},
   adsurl = {http://adsabs.harvard.edu/abs/2001ApJ...560L..95C},
  adsnote = {Provided by the SAO/NASA Astrophysics Data System}
}

@ARTICLE{Chapman:1957,
   author = {{Chapman}, S. and {Zirin}, H.},
    title = "{Notes on the Solar Corona and the Terrestrial Ionosphere}",
  journal = {Smithsonian Contributions to Astrophysics},
     year = 1957,
   volume = 2,
    pages = {1},
   adsurl = {http://adsabs.harvard.edu/abs/1957SCoA....2....1C},
  adsnote = {Provided by the SAO/NASA Astrophysics Data System}
}

@article{Charbonneau:2010,
  title    = {Dynamo Models of the Solar Cycle},
  author   = {Paul Charbonneau},
  journal  = {Living Reviews in Solar Physics},
  year     = {2010},
  number   = {3},
  volume   = {7},
  keywords = {Solar activity, Solar cycle, Dynamo, Magnetic fields},
  url      = {http://www.livingreviews.org/lrsp-2010-3}
}

@ARTICLE{Chen:1996,
   author = {{Chen}, J.},
    title = "{Theory of prominence eruption and propagation: Interplanetary consequences}",
  journal = {\jgr},
 keywords = {Solar Physics, Astrophysics, and Astronomy: Prominence eruptions, and Astronomy: Coronal mass ejections, Interplanetary Physics: Ejecta, driver gases, and magnetic clouds, Interplanetary Physics: Interplanetary magnetic fields},
     year = 1996,
    month = dec,
   volume = 101,
    pages = {27499-27520},
      doi = {10.1029/96JA02644},
   adsurl = {http://adsabs.harvard.edu/abs/1996JGR...10127499C},
  adsnote = {Provided by the SAO/NASA Astrophysics Data System}
}

@ARTICLE{Choudhary:2002,
   author = {{Choudhary}, D.~P. and {Venkatakrishnan}, P. and {Gosain}, S.
	},
    title = "{On Magnetic Flux Imbalance in Solar Active Regions}",
  journal = {\apj},
 keywords = {Sun: Activity, Sun: Magnetic Fields, Sun: Photosphere},
     year = 2002,
    month = jul,
   volume = 573,
    pages = {851-856},
      doi = {10.1086/340754},
   adsurl = {http://adsabs.harvard.edu/abs/2002ApJ...573..851C},
  adsnote = {Provided by the SAO/NASA Astrophysics Data System}
}

@ARTICLE{Choudhuri:1987,
   author = {{Choudhuri}, A.~R. and {Gilman}, P.~A.},
    title = "{The influence of the Coriolis force on flux tubes rising through the solar convection zone}",
  journal = {\apj},
 keywords = {CONVECTION, CORIOLIS EFFECT, DYNAMO THEORY, MAGNETIC FLUX, SOLAR MAGNETIC FIELD, DRAG, EQUATIONS OF MOTION, MAGNETOHYDRODYNAMICS, SOLAR ROTATION},
     year = 1987,
    month = may,
   volume = 316,
    pages = {788-800},
      doi = {10.1086/165243},
   adsurl = {http://adsabs.harvard.edu/abs/1987ApJ...316..788C},
  adsnote = {Provided by the SAO/NASA Astrophysics Data System}
}

@ARTICLE{Colak:2009,
   author = {{Colak}, T. and {Qahwaji}, R.},
    title = "{Automated Solar Activity Prediction: A hybrid computer platform using machine learning and solar imaging for automated prediction of solar flares}",
  journal = {Space Weather},
 keywords = {Solar Physics, Astrophysics, and Astronomy: Flares, Solar Physics, Astrophysics, and Astronomy: Instruments and techniques, Space Weather: Forecasting (2722)},
     year = 2009,
    month = jun,
   volume = 7,
    pages = {6001-+},
      doi = {10.1029/2008SW000401},
   adsurl = {http://adsabs.harvard.edu/abs/2009SpWea...706001C},
  adsnote = {Provided by the SAO/NASA Astrophysics Data System}
}

@ARTICLE{Colak:2008,
   author = {{Colak}, T. and {Qahwaji}, R.},
    title = "{Automated McIntosh-Based Classification of Sunspot Groups Using MDI Images}",
  journal = {Solar Physics},
     year = 2008,
    month = apr,
   volume = 248,
    pages = {277-296},
      doi = {10.1007/s11207-007-9094-3},
   adsurl = {http://adsabs.harvard.edu/abs/2008SoPh..248..277C},
  adsnote = {Provided by the SAO/NASA Astrophysics Data System}
}

@ARTICLE{Conlon:2008,
   author = {{Conlon}, P.~A. and {Gallagher}, P.~T. and {McAteer}, R.~T.~J. and 
	{Ireland}, J. and {Young}, C.~A. and {Kestener}, P. and {Hewett}, R.~J. and 
	{Maguire}, K.},
    title = "{Multifractal Properties of Evolving Active Regions}",
  journal = {Solar Physics},
 keywords = {Active regions, Magnetic fields, Turbulence},
     year = 2008,
    month = apr,
   volume = 248,
    pages = {297-309},
      doi = {10.1007/s11207-007-9074-7},
   adsurl = {http://adsabs.harvard.edu/abs/2008SoPh..248..297C},
  adsnote = {Provided by the SAO/NASA Astrophysics Data System}
}

@ARTICLE{Conlon:2010a,
   author = {{Conlon}, P.~A. and {McAteer}, R.~T.~J. and {Gallagher}, P.~T. and 
	{Fennell}, L.},
    title = "{Quantifying the Evolving Magnetic Structure of Active Regions}",
  journal = {\apj},
 keywords = {magnetic fields, methods: statistical, Sun: flares, turbulence},
     year = 2010,
    month = oct,
   volume = 722,
    pages = {577-585},
      doi = {10.1088/0004-637X/722/1/577},
   adsurl = {http://adsabs.harvard.edu/abs/2010ApJ...722..577C},
  adsnote = {Provided by the SAO/NASA Astrophysics Data System}
}

@ARTICLE{Conlon:2010b,
   author = {{Conlon}, P.~A. and {Gallagher}, P.~T.},
    title = "{Constraining Three-Dimensional Magnetic Field Extrapolations Using the Twin Perspectives of STEREO}",
  journal = {\apj},
archivePrefix = "arXiv",
   eprint = {1004.1330},
 primaryClass = "astro-ph.SR",
 keywords = {Sun: corona, Sun: flares, magnetic fields},
     year = 2010,
    month = may,
   volume = 715,
    pages = {59-65},
      doi = {10.1088/0004-637X/715/1/59},
   adsurl = {http://adsabs.harvard.edu/abs/2010ApJ...715...59C},
  adsnote = {Provided by the SAO/NASA Astrophysics Data System}
}

@ARTICLE{Couvidat:2012,
   author = {{Couvidat}, S. and {Rajaguru}, S.~P. and {Wachter}, R. and {Sankarasubramanian}, K. and 
	{Schou}, J. and {Scherrer}, P.~H.},
    title = "{Line-of-Sight Observables Algorithms for the Helioseismic and Magnetic Imager (HMI) Instrument Tested with Interferometric Bidimensional Spectrometer (IBIS) Observations}",
  journal = {\solphys},
 keywords = {Sun: helioseismology, Instrument: SDO/HMI, IBIS},
     year = 2012,
    month = jan,
    pages = {13},
      doi = {10.1007/s11207-011-9927-y},
   adsurl = {http://adsabs.harvard.edu/abs/2012SoPh..tmp...13C},
  adsnote = {Provided by the SAO/NASA Astrophysics Data System}
}

@book{Cox:1991,
  title={Solar Interior and Atmosphere},
  author={Cox, A.N. and Livingston, W.C. and Matthews, M.S.},
  isbn={9780816512294},
  lccn={91034154},
  series={Space Science Series},
  url={http://books.google.ie/books?id=u3EAvRsJoZgC},
  year={1991},
  publisher={University of Arizona Press}
}

@ARTICLE{Dalla:2008,
   author = {{Dalla}, S. and {Fletcher}, L. and {Walton}, N.~A.},
    title = "{Invisible sunspots and rate of solar magnetic flux emergence}",
  journal = {\aap},
archivePrefix = "arXiv",
   eprint = {0801.0703},
 keywords = {sunspots, Sun: photosphere, Sun: magnetic fields, Sun: activity},
     year = 2008,
    month = feb,
   volume = 479,
    pages = {L1-L4},
      doi = {10.1051/0004-6361:20078800},
   adsurl = {http://adsabs.harvard.edu/abs/2008A%26A...479L...1D},
  adsnote = {Provided by the SAO/NASA Astrophysics Data System}
}

@ARTICLE{deforest:2007,
   author = {{DeForest}, C.~E. and {Hagenaar}, H.~J. and {Lamb}, D.~A. and 
	{Parnell}, C.~E. and {Welsch}, B.~T.},
    title = "{Solar Magnetic Tracking. I. Software Comparison and Recommended Practices}",
  journal = {\apj},
archivePrefix = "arXiv",
   eprint = {0704.2921},
 keywords = {Sun: Magnetic Fields},
     year = 2007,
    month = sep,
   volume = 666,
    pages = {576-587},
      doi = {10.1086/518994},
   adsurl = {http://adsabs.harvard.edu/abs/2007ApJ...666..576D},
  adsnote = {Provided by the SAO/NASA Astrophysics Data System}
}

@ARTICLE{Devore:1984,
   author = {{Devore}, C.~R. and {Boris}, J.~P. and {Sheeley}, Jr., N.~R.
	},
    title = "{The concentration of the large-scale solar magnetic field by a meridional surface flow}",
  journal = {\solphys},
 keywords = {MAGNETIC FLUX, MERIDIONAL FLOW, SOLAR MAGNETIC FIELD, SOLAR PHYSICS, FLOW VELOCITY, FLUX QUANTIZATION, LATITUDE, SUNSPOTS},
     year = 1984,
    month = may,
   volume = 92,
    pages = {1-14},
      doi = {10.1007/BF00157230},
   adsurl = {http://adsabs.harvard.edu/abs/1984SoPh...92....1D},
  adsnote = {Provided by the SAO/NASA Astrophysics Data System}
  }

@ARTICLE{Devore:1985,
   author = {{Devore}, C.~R. and {Boris}, J.~P. and {Young}, Jr., T.~R. and 
	{Sheeley}, N.~R. and {Harvey}, K.~L.},
    title = "{Numerical simulations of large-scale solar magnetic fields}",
  journal = {Australian Journal of Physics},
 keywords = {COMPUTATIONAL ASTROPHYSICS, SOLAR ACTIVITY EFFECTS, SOLAR MAGNETIC FIELD, MAGNETIC FLUX, SIMULATION, SOLAR ROTATION, SUNSPOTS, TRANSPORT PROPERTIES},
     year = 1985,
   volume = 38,
    pages = {999-1007},
   adsurl = {http://adsabs.harvard.edu/abs/1985AuJPh..38..999D},
  adsnote = {Provided by the SAO/NASA Astrophysics Data System}
}

@ARTICLE{Dikpati:2002,
   author = {{Dikpati}, M. and {Corbard}, T. and {Thompson}, M.~J. and {Gilman}, P.~A.
	},
    title = "{Flux Transport Solar Dynamos with Near-Surface Radial Shear}",
  journal = {\apjl},
 keywords = {Magnetic Fields, Magnetohydrodynamics: MHD, Sun: Activity, Sun: Interior, Sun: Magnetic Fields, Sun: Rotation},
     year = 2002,
    month = aug,
   volume = 575,
    pages = {L41-L45},
      doi = {10.1086/342555},
   adsurl = {http://adsabs.harvard.edu/abs/2002ApJ...575L..41D},
  adsnote = {Provided by the SAO/NASA Astrophysics Data System}
}

@ARTICLE{Dikpati:2004,
   author = {{Dikpati}, M. and {de Toma}, G. and {Gilman}, P.~A. and {Arge}, C.~N. and 
	{White}, O.~R.},
    title = "{Diagnostics of Polar Field Reversal in Solar Cycle 23 Using a Flux Transport Dynamo Model}",
  journal = {\apj},
 keywords = {Sun: Activity, Sun: Magnetic Fields},
     year = 2004,
    month = feb,
   volume = 601,
    pages = {1136-1151},
      doi = {10.1086/380508},
   adsurl = {http://adsabs.harvard.edu/abs/2004ApJ...601.1136D},
  adsnote = {Provided by the SAO/NASA Astrophysics Data System}
}

@ARTICLE{Domingo:1995,
   author = {{Domingo}, V. and {Fleck}, B. and {Poland}, A.~I.},
    title = "{The SOHO Mission: an Overview}",
  journal = {Solar Physics},
     year = 1995,
    month = dec,
   volume = 162,
    pages = {1-2},
      doi = {10.1007/BF00733425},
   adsurl = {http://adsabs.harvard.edu/abs/1995SoPh..162....1D},
  adsnote = {Provided by the SAO/NASA Astrophysics Data System}
}

@ARTICLE{Dun:2007,
   author = {{Dun}, J. and {Kurokawa}, H. and {Ishii}, T.~T. and {Liu}, Y. and 
	{Zhang}, H.},
    title = "{Evolution of Magnetic Nonpotentiality in NOAA AR 10486}",
  journal = {\apj},
 keywords = {Sun: Activity, Sun: Flares, Sun: Magnetic Fields},
     year = 2007,
    month = mar,
   volume = 657,
    pages = {577-591},
      doi = {10.1086/510373},
   adsurl = {http://adsabs.harvard.edu/abs/2007ApJ...657..577D},
  adsnote = {Provided by the SAO/NASA Astrophysics Data System}
}

@book{Dunn:1980,
  title={Solar instrumentation: what's next?: Sacramento Peak National Observatory Conference, Sunspot, N.M., 14-17 Oct, 1980, Proceedings},
  author={Dunn, R.B.},
  series={NSO/SP summer workshop series},
  url={http://books.google.ie/books?id=f4MPPQAACAAJ},
  year={1981},
  publisher={Sacramento Peak National Observatory}
}

@ARTICLE{Duvall:1996,
   author = {{Duvall}, T.~L. and {D'Silva}, S. and {Jefferies}, S.~M. and 
	{Harvey}, J.~W. and {Schou}, J.},
    title = "{Downflows under sunspots detected by helioseismic tomography}",
  journal = {\nat},
     year = 1996,
    month = jan,
   volume = 379,
    pages = {235-237},
      doi = {10.1038/379235a0},
   adsurl = {http://adsabs.harvard.edu/abs/1996Natur.379..235D},
  adsnote = {Provided by the SAO/NASA Astrophysics Data System}
}

@ARTICLE{Duvall:2010,
   author = {{Duvall}, Jr., T.~L. and {Birch}, A.~C.},
    title = "{The Vertical Component of the Supergranular Motion}",
  journal = {\apjl},
 keywords = {convection, methods: data analysis, Sun: helioseismology, Sun: photosphere, Sun: surface magnetism},
     year = 2010,
    month = dec,
   volume = 725,
      eid = {L47},
    pages = {L47-L51},
      doi = {10.1088/2041-8205/725/1/L47},
   adsurl = {http://adsabs.harvard.edu/abs/2010ApJ...725L..47D},
  adsnote = {Provided by the SAO/NASA Astrophysics Data System}
}

@ARTICLE{Einstein:1905,
   author = {{Einstein}, A.},
    title = "{{\"U}ber die von der molekularkinetischen Theorie der W{\"a}rme geforderte Bewegung von in ruhenden Fl{\"u}ssigkeiten suspendierten Teilchen}",
  journal = {Annalen der Physik},
     year = 1905,
   volume = 322,
    pages = {549-560},
      doi = {10.1002/andp.19053220806},
   adsurl = {http://adsabs.harvard.edu/abs/1905AnP...322..549E},
  adsnote = {Provided by the SAO/NASA Astrophysics Data System}
}

@ARTICLE{Emslie:2004,
  author = {{Emslie}, A.~G. and {Kucharek}, H. and {Dennis}, B.~R. and {Gopalswamy}, N. and
       {Holman}, G.~D. and {Share}, G.~H. and {Vourlidas}, A. and {Forbes}, T.~G. and
       {Gallagher}, P.~T. and {Mason}, G.~M. and {Metcalf}, T.~R. and
       {Mewaldt}, R.~A. and {Murphy}, R.~J. and {Schwartz}, R.~A. and
       {Zurbuchen}, T.~H.},
   title = "{Energy partition in two solar flare/CME events}",
 journal = {Journal of Geophysical Research (Space Physics)},
 keywords = {Solar Physics, Astrophysics, and Astronomy: Flares, Solar Physics, Astrophysics, and Astronomy: Coronal mass ejections, Solar Physics, Astrophysics, and Astronomy: Energetic particles (2114), Solar Physics, Astrophysics, and Astronomy: X rays, gamma rays, and
neutrinos},
    year = 2004,
   month = oct,
  volume = 109,
  number = "A18",
     eid = {A10104},
   pages = {10104},
     doi = {10.1029/2004JA010571},
  adsurl = {http://adsabs.harvard.edu/abs/2004JGRA..10910104E},
 adsnote = {Provided by the SAO/NASA Astrophysics Data System}
}

@ARTICLE{Evershed:1909,
   author = {{Evershed}, J.},
    title = "{Radial movement in sun-spots}",
  journal = {\mnras},
     year = 1909,
    month = mar,
   volume = 69,
    pages = {454},
   adsurl = {http://adsabs.harvard.edu/abs/1909MNRAS..69..454E},
  adsnote = {Provided by the SAO/NASA Astrophysics Data System}
}

@ARTICLE{Falconer:2008,
   author = {{Falconer}, D.~A. and {Moore}, R.~L. and {Gary}, G.~A.},
    title = "{Magnetogram Measures of Total Nonpotentiality for Prediction of Solar Coronal Mass Ejections from Active Regions of Any Degree of Magnetic Complexity}",
  journal = {Astrophysical Journal},
 keywords = {Sun: Coronal Mass Ejections (CMEs), Sun: Magnetic Fields},
     year = 2008,
    month = dec,
   volume = 689,
    pages = {1433-1442},
      doi = {10.1086/591045},
   adsurl = {http://adsabs.harvard.edu/abs/2008ApJ...689.1433F},
  adsnote = {Provided by the SAO/NASA Astrophysics Data System}
}

@ARTICLE{Falconer:2009,
   author = {{Falconer}, D.~A. and {Moore}, R.~L. and {Gary}, G.~A. and {Adams}, M.
	},
    title = "{The ''Main Sequence'' of Explosive Solar Active Regions: Discovery and Interpretation}",
  journal = {\apjl},
 keywords = {Sun: coronal mass ejections: CMEs, Sun: flares, Sun: magnetic fields},
     year = 2009,
    month = aug,
   volume = 700,
    pages = {L166-L169},
      doi = {10.1088/0004-637X/700/2/L166},
   adsurl = {http://adsabs.harvard.edu/abs/2009ApJ...700L.166F},
  adsnote = {Provided by the SAO/NASA Astrophysics Data System}
}

@ARTICLE{Fan:1993,
   author = {{Fan}, Y. and {Fisher}, G.~H. and {Deluca}, E.~E.},
    title = "{The origin of morphological asymmetries in bipolar active regions}",
  journal = {\apj},
 keywords = {SOLAR ACTIVITY, SOLAR MAGNETIC FIELD, SOLAR PHYSICS, CORIOLIS EFFECT, MATHEMATICAL MODELS, SOLAR INTERIOR, SUNSPOTS},
     year = 1993,
    month = mar,
   volume = 405,
    pages = {390-401},
      doi = {10.1086/172370},
   adsurl = {http://adsabs.harvard.edu/abs/1993ApJ...405..390F},
  adsnote = {Provided by the SAO/NASA Astrophysics Data System}
}

@ARTICLE{Fan:2009,
   author = {{Fan}, Y.},
    title = "{Magnetic Fields in the Solar Convection Zone}",
  journal = {Living Reviews in Solar Physics},
 keywords = {MHD, Sun: activity, Sun: magnetic fields, Sun: magnetic fields Sun: interior, sunspots},
     year = 2009,
    month = dec,
   volume = 6,
    pages = {4},
   adsurl = {http://adsabs.harvard.edu/abs/2009LRSP....6....4F},
  adsnote = {Provided by the SAO/NASA Astrophysics Data System}
}

@ARTICLE{Fisher:1998,
   author = {{Fisher}, G.~H. and {Longcope}, D.~W. and {Metcalf}, T.~R. and 
	{Pevtsov}, A.~A.},
    title = "{Coronal Heating in Active Regions as a Function of Global Magnetic Variables}",
  journal = {\apj},
 keywords = {SUN: ACTIVITY, SUN: CORONA, SUN: MAGNETIC FIELDS, SUN: X-RAYS, GAMMA RAYS},
     year = 1998,
    month = dec,
   volume = 508,
    pages = {885-898},
      doi = {10.1086/306435},
   adsurl = {http://adsabs.harvard.edu/abs/1998ApJ...508..885F},
  adsnote = {Provided by the SAO/NASA Astrophysics Data System}
}

@book{Fitzpatrick:2012,
  title={The Physics of Plasmas},
  author={{Fitzpatrick}, R.},
  isbn={9781257242009},
  edition={2},
  url={http://www.lulu.com/content/3802836},
  year={2008},
  publisher={Lulu}
}

@ARTICLE{Fletcher:2011,
   author = {{Fletcher}, L. and {Dennis}, B.~R. and {Hudson}, H.~S. and {Krucker}, S. and 
	{Phillips}, K. and {Veronig}, A. and {Battaglia}, M. and {Bone}, L. and 
	{Caspi}, A. and {Chen}, Q. and {Gallagher}, P. and {Grigis}, P.~T. and 
	{Ji}, H. and {Liu}, W. and {Milligan}, R.~O. and {Temmer}, M.
	},
    title = "{An Observational Overview of Solar Flares}",
  journal = {\ssr},
archivePrefix = "arXiv",
   eprint = {1109.5932},
 primaryClass = "astro-ph.SR",
 keywords = {Sun},
     year = 2011,
    month = sep,
   volume = 159,
    pages = {19-106},
      doi = {10.1007/s11214-010-9701-8},
   adsurl = {http://adsabs.harvard.edu/abs/2011SSRv..159...19F},
  adsnote = {Provided by the SAO/NASA Astrophysics Data System}
}

@ARTICLE{Forbes:2006,
   author = {{Forbes}, T.~G. and {Linker}, J.~A. and {Chen}, J. and {Cid}, C. and 
	{K{\'o}ta}, J. and {Lee}, M.~A. and {Mann}, G. and {Miki{\'c}}, Z. and 
	{Potgieter}, M.~S. and {Schmidt}, J.~M. and {Siscoe}, G.~L. and 
	{Vainio}, R. and {Antiochos}, S.~K. and {Riley}, P.},
    title = "{CME Theory and Models}",
  journal = {\ssr},
 keywords = {Sun: Coronal Mass Ejections, CMEs, ICMEs, flares magnetic reconnection, shocks, solar energetic particles (SEPs)},
     year = 2006,
    month = mar,
   volume = 123,
    pages = {251-302},
      doi = {10.1007/s11214-006-9019-8},
   adsurl = {http://adsabs.harvard.edu/abs/2006SSRv..123..251F},
  adsnote = {Provided by the SAO/NASA Astrophysics Data System}
}

@ARTICLE{Fox:1991,
   author = {{Fox}, P.~A. and {Sofia}, S. and {Chan}, K.~L.},
    title = "{Convective flows around sunspot-like objects}",
  journal = {\solphys},
 keywords = {CONVECTIVE FLOW, HEAT FLUX, SOLAR MAGNETIC FIELD, SUNSPOTS, BOUNDARY CONDITIONS, ENERGY DISTRIBUTION, SOLAR MAXIMUM MISSION},
     year = 1991,
    month = sep,
   volume = 135,
    pages = {15-42},
      doi = {10.1007/BF00146696},
   adsurl = {http://adsabs.harvard.edu/abs/1991SoPh..135...15F},
  adsnote = {Provided by the SAO/NASA Astrophysics Data System}
}

@ARTICLE{Frisk:2005,
   author = {{Fisk}, L.~A.},
    title = "{The Open Magnetic Flux of the Sun. I. Transport by Reconnections with Coronal Loops}",
  journal = {\apj},
 keywords = {Magnetohydrodynamics: MHD, Sun: Corona, Sun: Magnetic Fields, Sun: Photosphere},
     year = 2005,
    month = jun,
   volume = 626,
    pages = {563-573},
      doi = {10.1086/429957},
   adsurl = {http://cdsads.u-strasbg.fr/abs/2005ApJ...626..563F},
  adsnote = {Provided by the SAO/NASA Astrophysics Data System}
}

@ARTICLE{Gabriel:1976,
   author = {{Gabriel}, A.~H.},
    title = "{A magnetic model of the solar transition region}",
  journal = {Royal Society of London Philosophical Transactions Series A},
 keywords = {ATMOSPHERIC MODELS, CHROMOSPHERE, MAGNETIC FIELD CONFIGURATIONS, SOLAR ATMOSPHERE, SOLAR MAGNETIC FIELD, CONVECTIVE FLOW, EMISSION SPECTRA, HEAT BALANCE, MAGNETIC FLUX, MAGNETOHYDRODYNAMIC FLOW, SOLAR GRANULATION, STELLAR MODELS, TWO DIMENSIONAL MODELS},
     year = 1976,
    month = may,
   volume = 281,
    pages = {339-352},
      doi = {10.1098/rsta.1976.0031},
   adsurl = {http://adsabs.harvard.edu/abs/1976RSPTA.281..339G},
  adsnote = {Provided by the SAO/NASA Astrophysics Data System}
}

@ARTICLE{Gallagher:1998,
   author = {{Gallagher}, P.~T. and {Phillips}, K.~J.~H. and {Harra-Murnion}, L.~K. and 
	{Keenan}, F.~P.},
    title = "{Properties of the quiet Sun EUV network}",
  journal = {\aap},
 keywords = {SUN: CHROMOSPHERE, SUN: CORONA, SUN: TRANSITION REGION, SUN: UV RADIATION},
     year = 1998,
    month = jul,
   volume = 335,
    pages = {733-745},
   adsurl = {http://adsabs.harvard.edu/abs/1998A%26A...335..733G},
  adsnote = {Provided by the SAO/NASA Astrophysics Data System}
}

 @INPROCEEDINGS{Gallagher:2007,
   	author = {{Gallagher}, P.~T. and {McAteer}, R.~T.~J. and {Young}, C.~A. and 
		{Ireland}, J. and {Hewett}, R.~J. and {Conlon}, P.},
    	title = "{Solar Activity Monitoring}",
	booktitle = {Space Weather : Research Towards Applications in Europe 2nd European Space Weather Week (ESWW2)},
    	 year = 2007,
   	series = {Astrophysics and Space Science Library},
   	volume = 344,
   	editor = {{Lilensten}, J.},
    	pages = {15-+},
   	adsurl = {http://adsabs.harvard.edu/abs/2007ASSL..344...15G},
  	adsnote = {Provided by the SAO/NASA Astrophysics Data System}
}

@ARTICLE{Gallagher:2002,
   author = {{Gallagher}, P.~T. and {Moon}, {Y.-J.} and {Wang}, H.},
    title = "{Active-Region Monitoring and Flare Forecasting   I. Data Processing and First Results}",
  journal = {Solar Physics},
     year = 2002,
    month = sep,
   volume = 209,
    pages = {171-183},
      doi = {10.1023/A:1020950221179},
   adsurl = {http://adsabs.harvard.edu/abs/2002SoPh..209..171G},
  adsnote = {Provided by the SAO/NASA Astrophysics Data System}
}

@PHDTHESIS{Gallagher:2000,
   author = {{Gallagher}, P.~T.},
    title = "{Optical and EUV Observations of the Solar Atmosphere}",
 keywords = {EUV, sun, corona, transition region, eclipse, SECIS, blinker, network, solar wind},
   school = {The Queen's University of Belfast and the Rutherford Appleton Laboratory},
     year = 2000,
    month = mar,
   adsurl = {http://adsabs.harvard.edu/abs/2000PhDT.........2G},
  adsnote = {Provided by the SAO/NASA Astrophysics Data System}
}
	
@Misc{gallagher,
	author = "P. T. Gallagher",
	title = "TRACE/EIT 19.5 nm Image Alignment using Cross-Correlation, http://hesperia.gsfc.nasa.gov/~ptg/trace-align/index.html",
	year = {2002}	}	

@ARTICLE{Gary:1989,
   author = {{Gary}, G.~A.},
    title = "{Linear force-free magnetic fields for solar extrapolation and interpretation}",
  journal = {Astrophysical Journal Supplement Series},
     year = 1989,
    month = feb,
   volume = 69,
    pages = {323-348},
      doi = {10.1086/191316},
   adsurl = {http://adsabs.harvard.edu/abs/1989ApJS...69..323G},
  adsnote = {Provided by the SAO/NASA Astrophysics Data System}
}

@ARTICLE{Gary:2001,
   author = {{Gary}, G.~A.},
    title = "{Plasma Beta above a Solar Active Region: Rethinking the Paradigm}",
  journal = {Solar Physics},
     year = 2001,
    month = oct,
   volume = 203,
    pages = {71-86},
   adsurl = {http://adsabs.harvard.edu/abs/2001SoPh..203...71G},
  adsnote = {Provided by the SAO/NASA Astrophysics Data System}
}

@ARTICLE{Georgoulis:2007,
   author = {{Georgoulis}, M.~K. and {Rust}, D.~M.},
    title = "{Quantitative Forecasting of Major Solar Flares}",
  journal = {Astrophysical Journall},
     year = 2007,
    month = may,
   volume = 661,
    pages = {L109-L112},
      doi = {10.1086/518718},
   adsurl = {http://adsabs.harvard.edu/abs/2007ApJ...661L.109G},
  adsnote = {Provided by the SAO/NASA Astrophysics Data System}
}

@ARTICLE{georgoulis:2012,
   author = {{Georgoulis}, M.~K.},
    title = "{Are Solar Active Regions with Major Flares More Fractal, Multifractal, or Turbulent Than Others?}",
  journal = {\solphys},
archivePrefix = "arXiv",
   eprint = {1101.0547},
 primaryClass = "astro-ph.SR",
 keywords = {Active regions, magnetic fields, Flares, forecasting, Flares, relation to magnetic field, Magnetic fields, photosphere, Turbulence},
     year = 2012,
    month = feb,
   volume = 276,
    pages = {161-181},
      doi = {10.1007/s11207-010-9705-2},
   adsurl = {http://adsabs.harvard.edu/abs/2012SoPh..276..161G},
  adsnote = {Provided by the SAO/NASA Astrophysics Data System}
}

@ARTICLE{Gizon:2003,
   author = {{Gizon}, L. and {Duvall}, T.~L. and {Schou}, J.},
    title = "{Wave-like properties of solar supergranulation}",
  journal = {Nature},
   eprint = {arXiv:astro-ph/0208343},
     year = 2003,
    month = jan,
   volume = 421,
    pages = {43-44},
      doi = {10.1038/nature01287},
   adsurl = {http://adsabs.harvard.edu/abs/2003Natur.421...43G},
  adsnote = {Provided by the SAO/NASA Astrophysics Data System}
}

@ARTICLE{Gizon:2010,
   author = {{Gizon}, L. and {Birch}, A.~C. and {Spruit}, H.~C.},
    title = "{Local Helioseismology: Three-Dimensional Imaging of the Solar Interior}",
  journal = {\araa},
archivePrefix = "arXiv",
   eprint = {1001.0930},
 primaryClass = "astro-ph.SR",
     year = 2010,
    month = sep,
   volume = 48,
    pages = {289-338},
      doi = {10.1146/annurev-astro-082708-101722},
   adsurl = {http://adsabs.harvard.edu/abs/2010ARA%26A..48..289G},
  adsnote = {Provided by the SAO/NASA Astrophysics Data System}
}

@ARTICLE{gnevyshev:1977,
   author = {{Gnevyshev}, M.~N.},
    title = "{Essential features of the 11-year solar cycle}",
  journal = {\solphys},
 keywords = {SOLAR ACTIVITY EFFECTS, SOLAR CYCLES, SUNSPOTS, TWENTY-SEVEN DAY VARIATION, AURORAS, MAGNETIC DISTURBANCES, SOLAR FLARES, SPECTROHELIOGRAPHS},
     year = 1977,
    month = feb,
   volume = 51,
    pages = {175-183},
      doi = {10.1007/BF00240455},
   adsurl = {http://adsabs.harvard.edu/abs/1977SoPh...51..175G},
  adsnote = {Provided by the SAO/NASA Astrophysics Data System}
}

 @ARTICLE{goldberg:1992,
    AUTHOR = "David Goldberg and David Nichols and Brian M. Oki and Douglas Terry",
    TITLE = "Using collaborative filtering to weave an information tapestry",
    JOURNAL = "Communications of the ACM",
    VOLUME = {35},
    NUMBER = {12},
    PAGES = {61-70},
    MONTH = "December",
    YEAR = {1992}   }

@PROCEEDINGS{Goossens:2003,
   editor = {{Goossens}, M.},
    title = "{An introduction to plasma astrophysics and magnetohydrodynamics}",
 keywords = {PLASMA PHYSICS, ASTROPHYSICS},
booktitle = {Astrophysics and Space Science Library},
     year = 2003,
   series = {Astrophysics and Space Science Library},
   volume = 294,
    month = oct,
   adsurl = {http://adsabs.harvard.edu/abs/2003ASSL..294.....G},
  adsnote = {Provided by the SAO/NASA Astrophysics Data System}
}

@ARTICLE{Gopalswamy:2012,
   author = {{Gopalswamy}, N. and {Yashiro}, S. and {M{\"a}kel{\"a}}, P. and 
	{Michalek}, G. and {Shibasaki}, K. and {Hathaway}, D.~H.},
    title = "{Behavior of Solar Cycles 23 and 24 Revealed by Microwave Observations}",
  journal = {\apjl},
archivePrefix = "arXiv",
   eprint = {1204.2816},
 primaryClass = "astro-ph.SR",
 keywords = {Sun: chromosphere, Sun: coronal mass ejections: CMEs, Sun: filaments, prominences, Sun: photosphere, Sun: radio radiation, Sun: surface magnetism },
     year = 2012,
    month = may,
   volume = 750,
      eid = {L42},
    pages = {L42},
      doi = {10.1088/2041-8205/750/2/L42},
   adsurl = {http://adsabs.harvard.edu/abs/2012ApJ...750L..42G},
  adsnote = {Provided by the SAO/NASA Astrophysics Data System}
}

@ARTICLE{Haber:2002,
   author = {{Haber}, D.~A. and {Hindman}, B.~W. and {Toomre}, J. and {Bogart}, R.~S. and 
	{Larsen}, R.~M. and {Hill}, F.},
    title = "{Evolving Submerged Meridional Circulation Cells within the Upper Convection Zone Revealed by Ring-Diagram Analysis}",
  journal = {\apj},
 keywords = {Sun: Activity, Sun: Helioseismology, Sun: Interior, Sun: Rotation},
     year = 2002,
    month = may,
   volume = 570,
    pages = {855-864},
      doi = {10.1086/339631},
   adsurl = {http://adsabs.harvard.edu/abs/2002ApJ...570..855H},
  adsnote = {Provided by the SAO/NASA Astrophysics Data System}
}

@ARTICLE{Hagenaar:1997,
   author = {{Hagenaar}, H.~J. and {Schrijver}, C.~J. and {Title}, A.~M.},
    title = "{The Distribution of Cell Sizes of the Solar Chromospheric Network}",
  journal = {\apj},
 keywords = {SUN: GRANULATION},
     year = 1997,
    month = may,
   volume = 481,
    pages = {988},
      doi = {10.1086/304066},
   adsurl = {http://adsabs.harvard.edu/abs/1997ApJ...481..988H},
  adsnote = {Provided by the SAO/NASA Astrophysics Data System}
}

@ARTICLE{Hagenaar:2001,
   author = {{Hagenaar}, H.~J.},
    title = "{Ephemeral Regions on a Sequence of Full-Disk Michelson Doppler Imager Magnetograms}",
  journal = {Astrophysical Journal},
 keywords = {Sun: Activity, Sun: Magnetic Fields, Sun: Photosphere},
     year = 2001,
    month = jul,
   volume = 555,
    pages = {448-461},
      doi = {10.1086/321448},
   adsurl = {http://adsabs.harvard.edu/abs/2001ApJ...555..448H},
  adsnote = {Provided by the SAO/NASA Astrophysics Data System}
}

@ARTICLE{Hale:1908,
   author = {{Hale}, G.~E.},
    title = "{On the Probable Existence of a Magnetic Field in Sun-Spots}",
  journal = {\apj},
     year = 1908,
    month = nov,
   volume = 28,
    pages = {315},
      doi = {10.1086/141602},
   adsurl = {http://adsabs.harvard.edu/abs/1908ApJ....28..315H},
  adsnote = {Provided by the SAO/NASA Astrophysics Data System}
}

@ARTICLE{Hale:1919,
   author = {{Hale}, G.~E. and {Ellerman}, F. and {Nicholson}, S.~B. and 
	{Joy}, A.~H.},
    title = "{The Magnetic Polarity of Sun-Spots}",
  journal = {\apj},
     year = 1919,
    month = apr,
   volume = 49,
    pages = {153-+},
      doi = {10.1086/142452},
   adsurl = {http://adsabs.harvard.edu/abs/1919ApJ....49..153H},
  adsnote = {Provided by the SAO/NASA Astrophysics Data System}
}

@ARTICLE{Hale:1920,
   author = {{Hale}, G.~E. and {Ellerman}, F.},
    title = "{The Mount Wilson Photographic Map of the Sun-Spot Spectrum}",
  journal = {\pasp},
     year = 1920,
    month = oct,
   volume = 32,
    pages = {272-+},
      doi = {10.1086/122988},
   adsurl = {http://adsabs.harvard.edu/abs/1920PASP...32..272H},
  adsnote = {Provided by the SAO/NASA Astrophysics Data System}
}

@BOOK{Hale:1938,
   author = {{Hale}, G.~E. and {Nicholson}, S.~B.},
    title = "{Magnetic observations of sunspots, 1917-1924 ...}",
 keywords = {SUN-SPOTS},
booktitle = {Washington, D.C.~Carnegie institution of Washington, 1938.},
     year = 1938,
   editor = "{Hale, G.~E.~\& Nicholson, S.~B.}",
   adsurl = {http://adsabs.harvard.edu/abs/1938QB525.H13......},
  adsnote = {Provided by the SAO/NASA Astrophysics Data System}
}

 @ARTICLE{Handy:1999,
   author = {{Handy}, B.~N. and {Acton}, L.~W. and {Kankelborg}, C.~C. and 
	{Wolfson}, C.~J. and {Akin}, D.~J. and {Bruner}, M.~E. and {Caravalho}, R. and 
	{Catura}, R.~C. and {Chevalier}, R. and {Duncan}, D.~W. and 
	{Edwards}, C.~G. and {Feinstein}, C.~N. and {Freeland}, S.~L. and 
	{Friedlaender}, F.~M. and {Hoffmann}, C.~H. and {Hurlburt}, N.~E. and 
	{Jurcevich}, B.~K. and {Katz}, N.~L. and {Kelly}, G.~A. and 
	{Lemen}, J.~R. and {Levay}, M. and {Lindgren}, R.~W. and {Mathur}, D.~P. and 
	{Meyer}, S.~B. and {Morrison}, S.~J. and {Morrison}, M.~D. and 
	{Nightingale}, R.~W. and {Pope}, T.~P. and {Rehse}, R.~A. and 
	{Schrijver}, C.~J. and {Shine}, R.~A. and {Shing}, L. and {Strong}, K.~T. and 
	{Tarbell}, T.~D. and {Title}, A.~M. and {Torgerson}, D.~D. and 
	{Golub}, L. and {Bookbinder}, J.~A. and {Caldwell}, D. and {Cheimets}, P.~N. and 
	{Davis}, W.~N. and {Deluca}, E.~E. and {McMullen}, R.~A. and 
	{Warren}, H.~P. and {Amato}, D. and {Fisher}, R. and {Maldonado}, H. and 
	{Parkinson}, C.},
    title = "{The transition region and coronal explorer}",
  journal = {Solar Physicsdsa},
     year = 1999,
    month = jul,
   volume = 187,
    pages = {229-260},
      doi = {10.1023/A:1005166902804},
   adsurl = {http://adsabs.harvard.edu/abs/1999SoPh..187..229H},
  adsnote = {Provided by the SAO/NASA Astrophysics Data System}
}

@INPROCEEDINGS{Hanser:1996,
   author = {{Hanser}, F.~A. and {Sellers}, F.~B.},
    title = "{Design and calibration of the GOES-8 solar x-ray sensor: the XRS}",
booktitle = {Society of Photo-Optical Instrumentation Engineers (SPIE) Conference Series},
     year = 1996,
   series = {Society of Photo-Optical Instrumentation Engineers (SPIE) Conference Series},
   volume = 2812,
   editor = "{E.~R.~Washwell}",
    month = oct,
    pages = {344-352},
   adsurl = {http://adsabs.harvard.edu/abs/1996SPIE.2812..344H},
  adsnote = {Provided by the SAO/NASA Astrophysics Data System}
}

@ARTICLE{Hapgood:2011,
   author = {{Hapgood}, M.~A.},
    title = "{Towards a scientific understanding of the risk from extreme space weather}",
  journal = {Advances in Space Research},
     year = 2011,
    month = jun,
   volume = 47,
    pages = {2059-2072},
      doi = {10.1016/j.asr.2010.02.007},
   adsurl = {http://adsabs.harvard.edu/abs/2011AdSpR..47.2059H},
  adsnote = {Provided by the SAO/NASA Astrophysics Data System}
}

@INPROCEEDINGS{Harvey:1992,
   author = {{Harvey}, K.~L.},
    title = "{The Cyclic Behavior of Solar Activity}",
booktitle = {The Solar Cycle},
     year = 1992,
   series = {Astronomical Society of the Pacific Conference Series},
   volume = 27,
   editor = "{K.~L.~Harvey}",
    pages = {335},
   adsurl = {http://adsabs.harvard.edu/abs/1992ASPC...27..335H},
  adsnote = {Provided by the SAO/NASA Astrophysics Data System}
}

@ARTICLE{harvey:1993,
   author = {{Harvey}, K.~L. and {Zwaan}, C.},
    title = "{Properties and emergence of bipolar active regions}",
  journal = {\solphys},
 keywords = {BIPOLARITY, SIZE DISTRIBUTION, SOLAR ACTIVITY, SOLAR CYCLES, VARIATIONS, CALCIUM, IRON, MAGNETIC SIGNATURES},
     year = 1993,
    month = nov,
   volume = 148,
    pages = {85-118},
      doi = {10.1007/BF00675537},
   adsurl = {http://adsabs.harvard.edu/abs/1993SoPh..148...85H},
  adsnote = {Provided by the SAO/NASA Astrophysics Data System}
}

@ARTICLE{Harvey:1996,
   author = {{Harvey}, J.~W. and {Hill}, F. and {Hubbard}, R.~P. and {Kennedy}, J.~R. and 
	{Leibacher}, J.~W. and {Pintar}, J.~A. and {Gilman}, P.~A. and 
	{Noyes}, R.~W. and {Title}, A.~M. and {Toomre}, J. and {Ulrich}, R.~K. and 
	{Bhatnagar}, A. and {Kennewell}, J.~A. and {Marquette}, W. and 
	{Patron}, J. and {Saa}, O. and {Yasukawa}, E.},
    title = "{The Global Oscillation Network Group (GONG) Project}",
  journal = {Science},
     year = 1996,
    month = may,
   volume = 272,
    pages = {1284-1286},
      doi = {10.1126/science.272.5266.1284},
   adsurl = {http://adsabs.harvard.edu/abs/1996Sci...272.1284H},
  adsnote = {Provided by the SAO/NASA Astrophysics Data System}
}

@ARTICLE{Harvey:2002,
   author = {{Harvey}, K.~L. and {Recely}, F.},
    title = "{Polar Coronal Holes During Cycles 22 and 23}",
  journal = {\solphys},
     year = 2002,
    month = dec,
   volume = 211,
    pages = {31-52},
   adsurl = {http://adsabs.harvard.edu/abs/2002SoPh..211...31H},
  adsnote = {Provided by the SAO/NASA Astrophysics Data System}
}

@ARTICLE{Hassler:1999,
   author = {{Hassler}, D.~M. and {Dammasch}, I.~E. and {Lemaire}, P. and 
	{Brekke}, P. and {Curdt}, W. and {Mason}, H.~E. and {Vial}, J.-C. and 
	{Wilhelm}, K.},
    title = "{Solar Wind Outflow and the Chromospheric Magnetic Network}",
  journal = {Science},
     year = 1999,
    month = feb,
   volume = 283,
    pages = {810},
      doi = {10.1126/science.283.5403.810},
   adsurl = {http://adsabs.harvard.edu/abs/1999Sci...283..810H},
  adsnote = {Provided by the SAO/NASA Astrophysics Data System}
}

@ARTICLE{Hathaway:2000,
   author = {{Hathaway}, D.~H. and {Beck}, J.~G. and {Bogart}, R.~S. and 
	{Bachmann}, K.~T. and {Khatri}, G. and {Petitto}, J.~M. and 
	{Han}, S. and {Raymond}, J.},
    title = "{The Photospheric Convection Spectrum}",
  journal = {\solphys},
     year = 2000,
    month = apr,
   volume = 193,
    pages = {299-312},
   adsurl = {http://adsabs.harvard.edu/abs/2000SoPh..193..299H},
  adsnote = {Provided by the SAO/NASA Astrophysics Data System}
}

@ARTICLE{Hathaway:2002,
   author = {{Hathaway}, D.~H. and {Beck}, J.~G. and {Han}, S. and {Raymond}, J.
	},
    title = "{Radial Flows in Supergranules}",
  journal = {\solphys},
     year = 2002,
    month = jan,
   volume = 205,
    pages = {25-38},
   adsurl = {http://adsabs.harvard.edu/abs/2002SoPh..205...25H},
  adsnote = {Provided by the SAO/NASA Astrophysics Data System}
}

@INPROCEEDINGS{Hathaway:2009,
   author = {{Hathaway}, D.~H. and {Williams}, P.~E. and {Cuntz}, M.},
    title = "{The Advection of Supergranules by Large-Scale Flows}",
booktitle = {Solar-Stellar Dynamos as Revealed by Helio- and Asteroseismology: GONG 2008/SOHO 21},
     year = 2009,
   series = {Astronomical Society of the Pacific Conference Series},
   volume = 416,
archivePrefix = "arXiv",
   eprint = {1003.4210},
 primaryClass = "astro-ph.SR",
   editor = "{M.~Dikpati, T.~Arentoft, I.~Gonz{\'a}lez Hern{\'a}ndez, 
	C.~Lindsey, \& F.~Hill}",
    month = dec,
    pages = {495},
   adsurl = {http://adsabs.harvard.edu/abs/2009ASPC..416..495H},
  adsnote = {Provided by the SAO/NASA Astrophysics Data System}
}

@ARTICLE{Hathaway:2010,
   author = {{Hathaway}, D.~H. and {Rightmire}, L.},
    title = "{Variations in the Sun\'s Meridional Flow over a Solar Cycle}",
  journal = {Science},
     year = 2010,
    month = mar,
   volume = 327,
    pages = {1350-},
      doi = {10.1126/science.1181990},
   adsurl = {http://adsabs.harvard.edu/abs/2010Sci...327.1350H},
  adsnote = {Provided by the SAO/NASA Astrophysics Data System}
}

@ARTICLE{Hathaway:2010b,
   author = {{Hathaway}, D.~H.},
    title = "{The Solar Cycle}",
  journal = {Living Reviews in Solar Physics},
 keywords = {Solar activity, Solar cycle, Solar cycle prediction, Sunspots},
     year = 2010,
    month = mar,
   volume = 7,
    pages = {1-+},
   adsurl = {http://adsabs.harvard.edu/abs/2010LRSP....7....1H},
  adsnote = {Provided by the SAO/NASA Astrophysics Data System}
}

@ARTICLE{Hathaway:2011,
   author = {{Hathaway}, D.~H. and {Rightmire}, L.},
    title = "{Variations in the Axisymmetric Transport of Magnetic Elements on the Sun: 1996-2010}",
  journal = {\apj},
archivePrefix = "arXiv",
   eprint = {1010.1242},
 primaryClass = "astro-ph.SR",
 keywords = {Sun: dynamo, Sun: rotation, Sun: surface magnetism},
     year = 2011,
    month = mar,
   volume = 729,
      eid = {80},
    pages = {80},
      doi = {10.1088/0004-637X/729/2/80},
   adsurl = {http://adsabs.harvard.edu/abs/2011ApJ...729...80H},
  adsnote = {Provided by the SAO/NASA Astrophysics Data System}
}

@INPROCEEDINGS{Henney:2005,
   author = {{Henney}, C.~J. and {Harvey}, J.~W.},
    title = "{Automated Coronal Hole Detection using He 1083 nm Spectroheliograms and Photospheric Magnetograms}",
booktitle = {Large-scale Structures and their Role in Solar Activity},
     year = 2005,
   series = {Astronomical Society of the Pacific Conference Series},
   volume = 346,
   eprint = {arXiv:astro-ph/0701122},
   editor = {{Sankarasubramanian}, K. and {Penn}, M. and {Pevtsov}, A.},
    month = dec,
    pages = {261},
   adsurl = {http://adsabs.harvard.edu/abs/2005ASPC..346..261H},
  adsnote = {Provided by the SAO/NASA Astrophysics Data System}
}

@ARTICLE{Hewett:2008,
   author = {{Hewett}, R.~J. and {Gallagher}, P.~T. and {McAteer}, R.~T.~J. and 
	{Young}, C.~A. and {Ireland}, J. and {Conlon}, P.~A. and {Maguire}, K.
	},
    title = "{Multiscale Analysis of Active Region Evolution}",
  journal = {Solar Physics},
 keywords = {Sun: magnetic field, Turbulence, Wavelets, Energy spectrum},
     year = 2008,
    month = apr,
   volume = 248,
    pages = {311-322},
      doi = {10.1007/s11207-007-9028-0},
   adsurl = {http://adsabs.harvard.edu/abs/2008SoPh..248..311H},
  adsnote = {Provided by the SAO/NASA Astrophysics Data System}
}

@ARTICLE{higgins:2011,
   author = {{Higgins}, P.~A. and {Gallagher}, P.~T. and {McAteer}, R.~T.~J. and 
	{Bloomfield}, D.~S.},
    title = "{Solar magnetic feature detection and tracking for space weather monitoring}",
  journal = {Advances in Space Research},
archivePrefix = "arXiv",
   eprint = {1006.5898},
 primaryClass = "astro-ph.SR",
     year = 2011,
    month = jun,
   volume = 47,
    pages = {2105-2117},
      doi = {10.1016/j.asr.2010.06.024},
   adsurl = {http://adsabs.harvard.edu/abs/2011AdSpR..47.2105H},
  adsnote = {Provided by the SAO/NASA Astrophysics Data System}
}

@ARTICLE{higgins:2012b,
   author = {{{\bf Higgins}}, {\bf P.~A.} and {Bloomfield}, D.~S. and {Gallagher}, P.~T.},
    title = "{Quantifying Diffusion: Tracking Magnetic Flux Transport on the Sun}",
  journal = {Solar Physics},
     year = 2012,
    month = may,
    note = {in prep}
}

@ARTICLE{higgins:2012a,
   author = {{{\bf Higgins}}, {\bf P.~A.} and {Bloomfield}, D.~S. and {Gallagher}, P.~T.},
    title = "{Active Regions and the Global Magnetic Field of the Sun}",
  journal = {Astronomy \& Astrophysics},
     year = 2012,
    month = may,
    note = {in prep}
}

@ARTICLE{Hindman:2009,
   author = {{Hindman}, B.~W. and {Haber}, D.~A. and {Toomre}, J.},
    title = "{Subsurface Circulations within Active Regions}",
  journal = {\apj},
archivePrefix = "arXiv",
   eprint = {0904.1575},
 primaryClass = "astro-ph.SR",
 keywords = {MHD, Sun: activity, Sun: helioseismology, Sun: magnetic fields, Sun: oscillations, Sun: rotation},
     year = 2009,
    month = jun,
   volume = 698,
    pages = {1749-1760},
      doi = {10.1088/0004-637X/698/2/1749},
   adsurl = {http://adsabs.harvard.edu/abs/2009ApJ...698.1749H},
  adsnote = {Provided by the SAO/NASA Astrophysics Data System}
}

@ARTICLE{Hirzberger:2008,
   author = {{Hirzberger}, J. and {Gizon}, L. and {Solanki}, S.~K. and {Duvall}, T.~L.
	},
    title = "{Structure and Evolution of Supergranulation from Local Helioseismology}",
  journal = {\solphys},
 keywords = {Sun: supergranulation, Sun: photosphere, Helioseismology},
     year = 2008,
    month = sep,
   volume = 251,
    pages = {417-437},
      doi = {10.1007/s11207-008-9206-8},
   adsurl = {http://adsabs.harvard.edu/abs/2008SoPh..251..417H},
  adsnote = {Provided by the SAO/NASA Astrophysics Data System}
}

@ARTICLE{Howard:1970,
   author = {{Howard}, R. and {Harvey}, J.},
    title = "{Spectroscopic Determinations of Solar Rotation}",
  journal = {\solphys},
     year = 1970,
    month = apr,
   volume = 12,
    pages = {23-51},
      doi = {10.1007/BF02276562},
   adsurl = {http://adsabs.harvard.edu/abs/1970SoPh...12...23H},
  adsnote = {Provided by the SAO/NASA Astrophysics Data System}
}

@ARTICLE{Howard:1990,
   author = {{Howard}, R.~F. and {Harvey}, J.~W. and {Forgach}, S.},
    title = "{Solar surface velocity fields determined from small magnetic features}",
  journal = {Solar Physics},
 keywords = {MAGNETIC FIELD CONFIGURATIONS, SOLAR ATMOSPHERE, SOLAR MAGNETIC FIELD, SOLAR ROTATION, CROSS CORRELATION, DYNAMO THEORY, RASTER SCANNING, SOLAR ACTIVITY},
     year = 1990,
    month = dec,
   volume = 130,
    pages = {295-311},
      doi = {10.1007/BF00156795},
   adsurl = {http://adsabs.harvard.edu/abs/1990SoPh..130..295H},
  adsnote = {Provided by the SAO/NASA Astrophysics Data System}
}

@ARTICLE{Howard:1991,
   author = {{Howard}, R.~F.},
    title = "{Axial tilt angles of sunspot groups}",
  journal = {\solphys},
 keywords = {MAGNETIC FLUX, SOLAR ACTIVITY, SOLAR MAGNETIC FIELD, SUNSPOTS, ASTRONOMICAL PHOTOGRAPHY, ATTITUDE (INCLINATION), SOLAR OBSERVATORIES},
     year = 1991,
    month = dec,
   volume = 136,
    pages = {251-262},
      doi = {10.1007/BF00146534},
   adsurl = {http://adsabs.harvard.edu/abs/1991SoPh..136..251H},
  adsnote = {Provided by the SAO/NASA Astrophysics Data System}
}

@ARTICLE{Howe:2011,
   author = {{Howe}, R. and {Hill}, F. and {Komm}, R. and {Christensen-Dalsgaard}, J. and 
	{Larson}, T.~P. and {Schou}, J. and {Thompson}, M.~J. and {Ulrich}, R.
	},
    title = "{The torsional oscillation and the new solar cycle}",
  journal = {Journal of Physics Conference Series},
     year = 2011,
    month = jan,
   volume = 271,
   number = 1,
    pages = {012074},
      doi = {10.1088/1742-6596/271/1/012074},
   adsurl = {http://adsabs.harvard.edu/abs/2011JPhCS.271a2074H},
  adsnote = {Provided by the SAO/NASA Astrophysics Data System}
}

@ARTICLE{Innes:1997,
   author = {{Innes}, D.~E. and {Inhester}, B. and {Axford}, W.~I. and {Wilhelm}, K.
	},
    title = "{Bi-directional plasma jets produced by magnetic reconnection on the Sun}",
  journal = {\nat},
     year = 1997,
    month = apr,
   volume = 386,
    pages = {811-813},
      doi = {10.1038/386811a0},
   adsurl = {http://adsabs.harvard.edu/abs/1997Natur.386..811I},
  adsnote = {Provided by the SAO/NASA Astrophysics Data System}
}

@ARTICLE{Ireland:2008,
   author = {{Ireland}, J. and {Young}, C.~A. and {McAteer}, R.~T.~J. and 
	{Whelan}, C. and {Hewett}, R.~J. and {Gallagher}, P.~T.},
    title = "{Multiresolution Analysis of Active Region Magnetic Structure and its Correlation with the Mount Wilson Classification and Flaring Activity}",
  journal = {\solphys},
archivePrefix = "arXiv",
   eprint = {0805.0101},
 keywords = {Sun: active region, Sun: magnetic field},
     year = 2008,
    month = oct,
   volume = 252,
    pages = {121-137},
      doi = {10.1007/s11207-008-9233-5},
   adsurl = {http://adsabs.harvard.edu/abs/2008SoPh..252..121I},
  adsnote = {Provided by the SAO/NASA Astrophysics Data System}
}

@ARTICLE{jardine:2002,
   author = {{Jardine}, M. and {Collier Cameron}, A. and {Donati}, J.-F.},
    title = "{The global magnetic topology of AB Doradus}",
  journal = {\mnras},
   eprint = {arXiv:astro-ph/0205132},
 keywords = {stars: activity, stars: coronae, stars: imaging, stars: individual: AB Dor, stars: spots},
     year = 2002,
    month = jun,
   volume = 333,
    pages = {339-346},
      doi = {10.1046/j.1365-8711.2002.05394.x},
   adsurl = {http://adsabs.harvard.edu/abs/2002MNRAS.333..339J},
  adsnote = {Provided by the SAO/NASA Astrophysics Data System}
}

@ARTICLE{Keller:2004,
   author = {{Keller}, C.~U. and {Sch{\"u}ssler}, M. and {V{\"o}gler}, A. and 
	{Zakharov}, V.},
    title = "{On the Origin of Solar Faculae}",
  journal = {\apjl},
 keywords = {Methods: Numerical, Magnetohydrodynamics: MHD, Sun: Faculae, Plages, Sun: Magnetic Fields, Sun: Photosphere},
     year = 2004,
    month = may,
   volume = 607,
    pages = {L59-L62},
      doi = {10.1086/421553},
   adsurl = {http://adsabs.harvard.edu/abs/2004ApJ...607L..59K},
  adsnote = {Provided by the SAO/NASA Astrophysics Data System}
}

@ARTICLE{Knaack:2005,
   author = {{Knaack}, R. and {Stenflo}, J.~O.},
    title = "{Spherical harmonic decomposition of solar magnetic fields}",
  journal = {\aap},
 keywords = {Sun: activity, Sun: magnetic fields, Sun: photosphere, Sun: rotation},
     year = 2005,
    month = jul,
   volume = 438,
    pages = {349-363},
      doi = {10.1051/0004-6361:20052765},
   adsurl = {http://adsabs.harvard.edu/abs/2005A%26A...438..349K},
  adsnote = {Provided by the SAO/NASA Astrophysics Data System}
}

@ARTICLE{Komm:1995,
   author = {{Komm}, R.~W. and {Howard}, R.~F. and {Harvey}, J.~W.},
    title = "{Characteristic size and diffusion of quiet Sun magnetic patterns}",
  journal = {\solphys},
 keywords = {DIFFUSION, MAGNETIC SIGNATURES, SIZE (DIMENSIONS), SOLAR PHYSICS, SUN, CROSS CORRELATION, LATITUDE, LENGTH, SOLAR CYCLES},
     year = 1995,
    month = may,
   volume = 158,
    pages = {213-225},
      doi = {10.1007/BF00795658},
   adsurl = {http://adsabs.harvard.edu/abs/1995SoPh..158..213K},
  adsnote = {Provided by the SAO/NASA Astrophysics Data System}
}

@ARTICLE{Komm:2007,
   author = {{Komm}, R. and {Howe}, R. and {Hill}, F. and {Miesch}, M. and 
	{Haber}, D. and {Hindman}, B.},
    title = "{Divergence and Vorticity of Solar Subsurface Flows Derived from Ring-Diagram Analysis of MDI and GONG Data}",
  journal = {\apj},
 keywords = {Sun: Helioseismology, Sun: Interior, Sun: Magnetic Fields},
     year = 2007,
    month = sep,
   volume = 667,
    pages = {571-584},
      doi = {10.1086/520765},
   adsurl = {http://adsabs.harvard.edu/abs/2007ApJ...667..571K},
  adsnote = {Provided by the SAO/NASA Astrophysics Data System}
}

@ARTICLE{Kosovichev:2002,
   author = {{Kosovichev}, A.~G.},
    title = "{Subsurface structure of sunspots}",
  journal = {Astronomische Nachrichten},
 keywords = {helioseismology, solar interior, solar activity, solar cycle, sunspots},
     year = 2002,
    month = jul,
   volume = 323,
    pages = {186-191},
      doi = {10.1002/1521-3994(200208)323:3/4<186::AID-ASNA186>3.0.CO;2-I},
   adsurl = {http://adsabs.harvard.edu/abs/2002AN....323..186K},
  adsnote = {Provided by the SAO/NASA Astrophysics Data System}
}

@ARTICLE{Krista:2011,
   author = {{Krista}, L.~D. and {Gallagher}, P.~T. and {Bloomfield}, D.~S.
	},
    title = "{Short-term Evolution of Coronal Hole Boundaries}",
  journal = {\apjl},
archivePrefix = "arXiv",
   eprint = {1103.2660},
 primaryClass = "astro-ph.SR",
 keywords = {magnetic fields, Sun: corona, Sun: evolution},
     year = 2011,
    month = apr,
   volume = 731,
      eid = {L26},
    pages = {L26},
      doi = {10.1088/2041-8205/731/2/L26},
   adsurl = {http://cdsads.u-strasbg.fr/abs/2011ApJ...731L..26K},
  adsnote = {Provided by the SAO/NASA Astrophysics Data System}
}

@ARTICLE{Kunzel:1960,
   author = {{K{\"u}nzel}, H.},
    title = "{Die Flare-H{\"a}ufigkeit in Fleckengruppen unterschiedlicher Klasse und magnetischer Struktur}",
  journal = {Astronomische Nachrichten},
     year = 1960,
    month = aug,
   volume = 285,
    pages = {271-+},
   adsurl = {http://adsabs.harvard.edu/abs/1960AN....285..271K},
  adsnote = {Provided by the SAO/NASA Astrophysics Data System}
}

@ARTICLE{LaBonte:2007,
   author = {{LaBonte}, B.~J. and {Georgoulis}, M.~K. and {Rust}, D.~M.},
    title = "{Survey of Magnetic Helicity Injection in Regions Producing X-Class Flares}",
  journal = {Astrophysical Journal},
 keywords = {Sun: Flares, Sun: Magnetic Fields},
     year = 2007,
    month = dec,
   volume = 671,
    pages = {955-963},
      doi = {10.1086/522682},
   adsurl = {http://adsabs.harvard.edu/abs/2007ApJ...671..955L},
  adsnote = {Provided by the SAO/NASA Astrophysics Data System}
}

@ARTICLE{Lawrence:1993,
   author = {{Lawrence}, J.~K. and {Ruzmaikin}, A.~A. and {Cadavid}, A.~C.
	},
    title = "{Multifractal Measure of the Solar Magnetic Field}",
  journal = {\apj},
 keywords = {SUN: MAGNETIC FIELDS},
     year = 1993,
    month = nov,
   volume = 417,
    pages = {805},
      doi = {10.1086/173360},
   adsurl = {http://adsabs.harvard.edu/abs/1993ApJ...417..805L},
  adsnote = {Provided by the SAO/NASA Astrophysics Data System}
}

@ARTICLE{Leighton:1962,
   author = {{Leighton}, R.~B. and {Noyes}, R.~W. and {Simon}, G.~W.},
    title = "{Velocity Fields in the Solar Atmosphere. I. Preliminary Report.}",
  journal = {\apj},
     year = 1962,
    month = mar,
   volume = 135,
    pages = {474},
      doi = {10.1086/147285},
   adsurl = {http://adsabs.harvard.edu/abs/1962ApJ...135..474L},
  adsnote = {Provided by the SAO/NASA Astrophysics Data System}
}

@ARTICLE{Leighton:1964,
   author = {{Leighton}, R.~B.},
    title = "{Transport of Magnetic Fields on the Sun.}",
  journal = {\apj},
     year = 1964,
    month = nov,
   volume = 140,
    pages = {1547-+},
      doi = {10.1086/148058},
   adsurl = {http://adsabs.harvard.edu/abs/1964ApJ...140.1547L},
  adsnote = {Provided by the SAO/NASA Astrophysics Data System}
}

@ARTICLE{Leka:2003a,
   author = {{Leka}, K.~D. and {Barnes}, G.},
    title = "{Photospheric Magnetic Field Properties of Flaring versus Flare-quiet Active Regions. I. Data, General Approach, and Sample Results}",
  journal = {\apj},
 keywords = {Sun: Activity, Sun: Flares, Sun: Photosphere, Techniques: Polarimetric},
     year = 2003,
    month = oct,
   volume = 595,
    pages = {1277-1295},
      doi = {10.1086/377511},
   adsurl = {http://adsabs.harvard.edu/abs/2003ApJ...595.1277L},
  adsnote = {Provided by the SAO/NASA Astrophysics Data System}
}

@ARTICLE{Leka:2003b,
   author = {{Leka}, K.~D. and {Barnes}, G.},
    title = "{Photospheric Magnetic Field Properties of Flaring versus Flare-quiet Active Regions. II. Discriminant Analysis}",
  journal = {\apj},
 keywords = {Methods: Statistical, Sun: Activity, Sun: Flares, Sun: Photosphere},
     year = 2003,
    month = oct,
   volume = 595,
    pages = {1296-1306},
      doi = {10.1086/377512},
   adsurl = {http://adsabs.harvard.edu/abs/2003ApJ...595.1296L},
  adsnote = {Provided by the SAO/NASA Astrophysics Data System}
}

@ARTICLE{Leka:2007,
   author = {{Leka}, K.~D. and {Barnes}, G.},
    title = "{Photospheric Magnetic Field Properties of Flaring versus Flare-quiet Active Regions. IV. A Statistically Significant Sample}",
  journal = {\apj},
 keywords = {Methods: Statistical, Sun: Activity, Sun: Flares, Sun: Magnetic Fields, Sun: Photosphere},
     year = 2007,
    month = feb,
   volume = 656,
    pages = {1173-1186},
      doi = {10.1086/510282},
   adsurl = {http://adsabs.harvard.edu/abs/2007ApJ...656.1173L},
  adsnote = {Provided by the SAO/NASA Astrophysics Data System}
}

@ARTICLE{Li:2000,
   author = {{Li}, H. and {Sakurai}, T. and {Ichimoto}, K. and {UeNo}, S.
	},
    title = "{Magnetic Field Evolution Leading to Solar Flares I. Cases with Low Magnetic Shear and Flux Emergence}",
  journal = {\pasj},
 keywords = {SUN: FLARES, SUN: MAGNETIC FIELDS, SUN: X-RAYS},
     year = 2000,
    month = jun,
   volume = 52,
    pages = {465-481},
   adsurl = {http://adsabs.harvard.edu/abs/2000PASJ...52..465L},
  adsnote = {Provided by the SAO/NASA Astrophysics Data System}
}

@ARTICLE{Lin:2002,
   author = {{Lin}, R.~P. and {Dennis}, B.~R. and {Hurford}, G.~J. and {Smith}, D.~M. and 
	{Zehnder}, A. and {Harvey}, P.~R. and {Curtis}, D.~W. and {Pankow}, D. and 
	{Turin}, P. and {Bester}, M. and {Csillaghy}, A. and {Lewis}, M. and 
	{Madden}, N. and {van Beek}, H.~F. and {Appleby}, M. and {Raudorf}, T. and 
	{McTiernan}, J. and {Ramaty}, R. and {Schmahl}, E. and {Schwartz}, R. and 
	{Krucker}, S. and {Abiad}, R. and {Quinn}, T. and {Berg}, P. and 
	{Hashii}, M. and {Sterling}, R. and {Jackson}, R. and {Pratt}, R. and 
	{Campbell}, R.~D. and {Malone}, D. and {Landis}, D. and {Barrington-Leigh}, C.~P. and 
	{Slassi-Sennou}, S. and {Cork}, C. and {Clark}, D. and {Amato}, D. and 
	{Orwig}, L. and {Boyle}, R. and {Banks}, I.~S. and {Shirey}, K. and 
	{Tolbert}, A.~K. and {Zarro}, D. and {Snow}, F. and {Thomsen}, K. and 
	{Henneck}, R. and {McHedlishvili}, A. and {Ming}, P. and {Fivian}, M. and 
	{Jordan}, J. and {Wanner}, R. and {Crubb}, J. and {Preble}, J. and 
	{Matranga}, M. and {Benz}, A. and {Hudson}, H. and {Canfield}, R.~C. and 
	{Holman}, G.~D. and {Crannell}, C. and {Kosugi}, T. and {Emslie}, A.~G. and 
	{Vilmer}, N. and {Brown}, J.~C. and {Johns-Krull}, C. and {Aschwanden}, M. and 
	{Metcalf}, T. and {Conway}, A.},
    title = "{The Reuven Ramaty High-Energy Solar Spectroscopic Imager (RHESSI)}",
  journal = {\solphys},
     year = 2002,
    month = nov,
   volume = 210,
    pages = {3-32},
      doi = {10.1023/A:1022428818870},
   adsurl = {http://adsabs.harvard.edu/abs/2002SoPh..210....3L},
  adsnote = {Provided by the SAO/NASA Astrophysics Data System}
}

@ARTICLE{Lites:1995,
   author = {{Lites}, B.~W. and {Low}, B.~C. and {Martinez Pillet}, V. and 
	{Seagraves}, P. and {Skumanich}, A. and {Frank}, Z.~A. and {Shine}, R.~A. and 
	{Tsuneta}, S.},
    title = "{The Possible Ascent of a Closed Magnetic System through the Photosphere}",
  journal = {\apj},
 keywords = {SUN: ATMOSPHERE, SUN: CORONA, SUN: MAGNETIC FIELDS, SUN: PROMINENCES, SUN: SUNSPOTS},
     year = 1995,
    month = jun,
   volume = 446,
    pages = {877},
      doi = {10.1086/175845},
   adsurl = {http://adsabs.harvard.edu/abs/1995ApJ...446..877L},
  adsnote = {Provided by the SAO/NASA Astrophysics Data System}
}

@ARTICLE{Liu:2007,
   author = {{Liu}, Y. and {Norton}, A.~A. and {Scherrer}, P.~H.},
    title = "{A Note on Saturation Seen in the MDI/SOHO Magnetograms}",
  journal = {Solar Physics},
     year = 2007,
    month = mar,
   volume = 241,
    pages = {185-193},
      doi = {10.1007/s11207-007-0296-5},
   adsurl = {http://adsabs.harvard.edu/abs/2007SoPh..241..185L},
  adsnote = {Provided by the SAO/NASA Astrophysics Data System}
}

@ARTICLE{Lockyer:1920,
   author = {{Lockyer}, W.~J.~S.},
    title = "{Hem: Its Discovery and Applications.}",
  journal = {Nature},
     year = 1920,
    month = may,
   volume = 105,
    pages = {360-363},
      doi = {10.1038/105360a0},
   adsurl = {http://adsabs.harvard.edu/abs/1920Natur.105..360L},
  adsnote = {Provided by the SAO/NASA Astrophysics Data System}
}   
 
@ARTICLE{Long:2008,
   author = {{Long}, D.~M. and {Gallagher}, P.~T. and {McAteer}, R.~T.~J. and 
	{Bloomfield}, D.~S.},
    title = "{The Kinematics of a Globally Propagating Disturbance in the Solar Corona}",
  journal = {\apjl},
archivePrefix = "arXiv",
   eprint = {0805.2023},
 keywords = {Sun: Chromosphere, Sun: Corona, Sun: Flares},
     year = 2008,
    month = jun,
   volume = 680,
    pages = {L81-L84},
      doi = {10.1086/589742},
   adsurl = {http://adsabs.harvard.edu/abs/2008ApJ...680L..81L},
  adsnote = {Provided by the SAO/NASA Astrophysics Data System}
}

@ARTICLE{Lu:1993,
   author = {{Lu}, E.~T. and {Hamilton}, R.~J. and {McTiernan}, J.~M. and 
	{Bromund}, K.~R.},
    title = "{Solar flares and avalanches in driven dissipative systems}",
  journal = {\apj},
 keywords = {ENERGY DISSIPATION, MAGNETIC FIELD RECONNECTION, PLASMA RADIATION, SOLAR FLARES, SOLAR MAGNETIC FIELD, DYNAMIC MODELS, FREQUENCY DISTRIBUTION, HERTZSPRUNG-RUSSELL DIAGRAM},
     year = 1993,
    month = aug,
   volume = 412,
    pages = {841-852},
      doi = {10.1086/172966},
   adsurl = {http://adsabs.harvard.edu/abs/1993ApJ...412..841L},
  adsnote = {Provided by the SAO/NASA Astrophysics Data System}
}
 
@INPROCEEDINGS{Maclean:2004,
   author = {{Maclean}, R. and {Beveridge}, C. and {Longcope}, D. and {Brown}, D. and 
	{Priest}, E.},
    title = "{A Topological Analysis of the Magnetic Breakout Model for an Eruptive Solar Flare}",
booktitle = {SOHO 15 Coronal Heating},
     year = 2004,
   series = {ESA Special Publication},
   volume = 575,
   editor = {{Walsh}, R.~W. and {Ireland}, J. and {Danesy}, D. and {Fleck}, B.
	},
    month = dec,
    pages = {485-+},
   adsurl = {http://adsabs.harvard.edu/abs/2004ESASP.575..485M},
  adsnote = {Provided by the SAO/NASA Astrophysics Data System}
}

@ARTICLE{Mason:2010,
   author = {{Mason}, J.~P. and {Hoeksema}, J.~T.},
    title = "{Testing Automated Solar Flare Forecasting with 13 Years of Michelson Doppler Imager Magnetograms}",
  journal = {\apj},
 keywords = {methods: statistical, Sun: activity, Sun: flares, Sun: surface magnetism},
     year = 2010,
    month = nov,
   volume = 723,
    pages = {634-640},
      doi = {10.1088/0004-637X/723/1/634},
   adsurl = {http://adsabs.harvard.edu/abs/2010ApJ...723..634M},
  adsnote = {Provided by the SAO/NASA Astrophysics Data System}
}

@ARTICLE{Maunder:1904,
   author = {{Maunder}, E.~W.},
    title = "{Note on the distribution of sun-spots in heliographic latitude, 1874-1902}",
  journal = {\mnras},
     year = 1904,
    month = jun,
   volume = 64,
    pages = {747-761},
   adsurl = {http://adsabs.harvard.edu/abs/1904MNRAS..64..747M},
  adsnote = {Provided by the SAO/NASA Astrophysics Data System}
}

@ARTICLE{McAteer:2005a,
   author = {{McAteer}, R.~T.~J. and {Gallagher}, P.~T. and {Ireland}, J. and 
	{Young}, C.~A.},
    title = "{Automated Boundary-extraction And Region-growing Techniques Applied To Solar Magnetograms}",
  journal = {Solar Physics},
     year = {2005a},
    month = may,
   volume = 228,
    pages = {55-66},
      doi = {10.1007/s11207-005-4075-x},
   adsurl = {http://adsabs.harvard.edu/abs/2005SoPh..228...55M},
  adsnote = {Provided by the SAO/NASA Astrophysics Data System}
}

@ARTICLE{McAteer:2005b,
   author = {{McAteer}, R.~T.~J. and {Gallagher}, P.~T. and {Ireland}, J.
	},
    title = "{Statistics of Active Region Complexity: A Large-Scale Fractal Dimension Survey}",
  journal = {Astrophysical Journal},
 keywords = {Sun: Activity, Sun: Flares, Sun: Magnetic Fields},
     year = {2005},
    month = sep,
   volume = 631,
    pages = {628-635},
      doi = {10.1086/432412},
   adsurl = {http://adsabs.harvard.edu/abs/2005ApJ...631..628M},
  adsnote = {Provided by the SAO/NASA Astrophysics Data System}
}

@ARTICLE{McAteer:2009,
   author = {{McAteer}, R.~T.~J. and {Gallagher}, P.~T. and {Conlon}, P.~A.
	},
    title = "{Turbulence, complexity, and solar flares}",
  journal = {Advances in Space Research},
archivePrefix = "arXiv",
   eprint = {0909.5636},
 primaryClass = "astro-ph.SR",
     year = 2010,
    month = may,
   volume = 45,
    pages = {1067-1074},
      doi = {10.1016/j.asr.2009.08.026},
   adsurl = {http://adsabs.harvard.edu/abs/2010AdSpR..45.1067M},
  adsnote = {Provided by the SAO/NASA Astrophysics Data System}
}

@ARTICLE{McIntosh:1990,
   author = {{McIntosh}, P.~S.},
    title = "{The classification of sunspot groups}",
  journal = {Solar Physics},
 keywords = {ASTROMETRY, CLASSIFICATIONS, SOLAR FLARES, SUNSPOTS, ASTRONOMICAL CATALOGS, CHROMOSPHERE, SOLAR OBSERVATORIES, SOLAR TERRESTRIAL INTERACTIONS},
     year = 1990,
    month = feb,
   volume = 125,
    pages = {251-267},
      doi = {10.1007/BF00158405},
   adsurl = {http://adsabs.harvard.edu/abs/1990SoPh..125..251M},
  adsnote = {Provided by the SAO/NASA Astrophysics Data System}
}

@ARTICLE{Mengotti:2010,
   author = {{Mengotti}, E. and {Heyderman}, L.~J. and {Rodriguez}, A.~F. and {Nolting}, F. and {Hugli}, R.~V. and {Braun}, H.~B.},
    title = "{Real-space observation of emergent magnetic monopoles and associated Dirac strings in artificial kagome spin ice}",
  journal = {Nature Physics},
     year = {2010},
    month = {oct},
      doi = {doi:10.1038/nphys1794}
   }

@ARTICLE{Messerotti:2009,
   author = {{Messerotti}, M. and {Zuccarello}, F. and {Guglielmino}, S.~L. and 
	{Bothmer}, V. and {Lilensten}, J. and {Noci}, G. and {Storini}, M. and 
	{Lundstedt}, H.},
    title = "{Solar Weather Event Modelling and Prediction}",
  journal = {\ssr},
 keywords = {Solar weather, Solar activity, Space weather, Sun, Solar dynamo, Solar flare, Coronal mass ejection, Solar irradiance, Solar radio burst, Heliosphere, GPS},
     year = 2009,
    month = nov,
   volume = 147,
    pages = {121-185},
      doi = {10.1007/s11214-009-9574-x},
   adsurl = {http://adsabs.harvard.edu/abs/2009SSRv..147..121M},
  adsnote = {Provided by the SAO/NASA Astrophysics Data System}
}

@ARTICLE{Metcalfe:2010,
   author = {{Metcalfe}, T.~S. and {Basu}, S. and {Henry}, T.~J. and {Soderblom}, D.~R. and 
	{Judge}, P.~G. and {Kn{\"o}lker}, M. and {Mathur}, S. and {Rempel}, M.
	},
    title = "{Discovery of a 1.6 Year Magnetic Activity Cycle in the Exoplanet Host Star {$\iota$} Horologii}",
  journal = {\apjl},
archivePrefix = "arXiv",
   eprint = {1009.5399},
 primaryClass = "astro-ph.SR",
 keywords = {stars: activity, stars: chromospheres, stars: individual: HD 17051 HR 810, surveys},
     year = 2010,
    month = nov,
   volume = 723,
    pages = {L213-L217},
      doi = {10.1088/2041-8205/723/2/L213},
   adsurl = {http://adsabs.harvard.edu/abs/2010ApJ...723L.213M},
  adsnote = {Provided by the SAO/NASA Astrophysics Data System}
}

@ARTICLE{meunier:2003,
   author = {{Meunier}, N.},
    title = "{Statistical properties of magnetic structures: Their dependence on scale and solar activity}",
  journal = {\aap},
 keywords = {Sun: magnetic fields, Sun: photosphere, Sun: activity, Sun: faculae, plages},
     year = 2003,
    month = jul,
   volume = 405,
    pages = {1107-1120},
      doi = {10.1051/0004-6361:20030713},
   adsurl = {http://adsabs.harvard.edu/abs/2003A%26A...405.1107M},
  adsnote = {Provided by the SAO/NASA Astrophysics Data System}
}
  
@article{Miesch:2005,
  title    = {Large-Scale Dynamics of the Convection Zone and Tachocline},
  author   = {Mark S. Miesch},
  journal  = {Living Reviews in Solar Physics},
  year     = {2005},
  number   = {1},
  volume   = {2},
  keywords = {Convection, Tachocline, Differential Rotation, Meridional Circulation, Turbulence, Shear, Dynamo Theory},
  url      = {http://www.livingreviews.org/lrsp-2005-1}
}

@ARTICLE{Moon:2001,
   author = {{Moon}, {Y.-J.} and {Choe}, G.~S. and {Yun}, H.~S. and {Park}, Y.~D.
	},
    title = "{Flaring time interval distribution and spatial correlation of major X-ray solar flares}",
  journal = {\jgr},
 keywords = {Solar Physics, Astrophysics, and Astronomy: Flares, and Astronomy: X rays, gamma rays, and neutrinos},
     year = 2001,
    month = dec,
   volume = 106,
    pages = {29951-29962},
      doi = {10.1029/2000JA000224},
   adsurl = {http://adsabs.harvard.edu/abs/2001JGR...10629951M},
  adsnote = {Provided by the SAO/NASA Astrophysics Data System}
}

@ARTICLE{Moon:2002a,
   author = {{Moon}, {Y.-J.} and {Chae}, J. and {Choe}, G.~S. and {Wang}, H. and 
	{Park}, Y.~D. and {Yun}, H.~S. and {Yurchyshyn}, V. and {Goode}, P.~R.
	},
    title = "{Flare Activity and Magnetic Helicity Injection by Photospheric Horizontal Motions}",
  journal = {\apj},
 keywords = {Sun: Flares, Sun: Magnetic Fields, Sun: Photosphere},
     year = 2002,
    month = aug,
   volume = 574,
    pages = {1066-1073},
      doi = {10.1086/340975},
   adsurl = {http://adsabs.harvard.edu/abs/2002ApJ...574.1066M},
  adsnote = {Provided by the SAO/NASA Astrophysics Data System}
}

@ARTICLE{Moon:2002b,
   author = {{Moon}, {Y.-J.} and {Chae}, J. and {Wang}, H. and {Choe}, G.~S. and 
	{Park}, Y.~D.},
    title = "{Impulsive Variations of the Magnetic Helicity Change Rate Associated with Eruptive Flares}",
  journal = {\apj},
 keywords = {Sun: Activity, Sun: Coronal Mass Ejections (CMEs), Sun: Flares, Sun: Magnetic Fields, Sun: Photosphere},
     year = 2002,
    month = nov,
   volume = 580,
    pages = {528-537},
      doi = {10.1086/343130},
   adsurl = {http://adsabs.harvard.edu/abs/2002ApJ...580..528M},
  adsnote = {Provided by the SAO/NASA Astrophysics Data System}
}

@INPROCEEDINGS{Morita:2005,
   author = {{Morita}, S. and {McIntosh}, S.~W.},
    title = "{Genesis of AR NOAA10314}",
booktitle = {Large-scale Structures and their Role in Solar Activity},
     year = 2005,
   series = {Astronomical Society of the Pacific Conference Series},
   volume = 346,
   editor = "{K.~Sankarasubramanian, M.~Penn, \& A.~Pevtsov}",
    month = dec,
    pages = {317-+},
   adsurl = {http://adsabs.harvard.edu/abs/2005ASPC..346..317M},
  adsnote = {Provided by the SAO/NASA Astrophysics Data System}
}

@ARTICLE{mordvinov:2007,
   author = {{Mordvinov}, A.~V.},
    title = "{Magnetic Flux Imbalance of the Solar and Heliospheric Magnetic Fields}",
  journal = {\solphys},
 keywords = {Sun: magnetic field, Interplanetary magnetic field},
     year = 2007,
    month = dec,
   volume = 246,
    pages = {445-456},
      doi = {10.1007/s11207-007-9082-7},
   adsurl = {http://adsabs.harvard.edu/abs/2007SoPh..246..445M},
  adsnote = {Provided by the SAO/NASA Astrophysics Data System}
}

@PHDTHESIS{Mosher:1977,
   author = {{Mosher}, J.~M.},
    title = "{The magnetic history of solar active regions}",
 keywords = {EVOLUTION (DEVELOPMENT), MAGNETIC DISTURBANCES, SOLAR ACTIVITY, MAGNETIC DIFFUSION, MAGNETIC FLUX, MERIDIONAL FLOW},
   school = {California Inst.~of Tech., Pasadena.},
     year = 1977,
    month = jul,
   adsurl = {http://adsabs.harvard.edu/abs/1977PhDT.........4M},
  adsnote = {Provided by the SAO/NASA Astrophysics Data System}
}

@ARTICLE{Murray:2012,
   author = {{Murray}, S.~A. and {Bloomfield}, D.~S. and {Gallagher}, P.~T.
	},
    title = "{The Evolution of Sunspot Magnetic Fields Associated with a Solar Flare}",
  journal = {\solphys},
archivePrefix = "arXiv",
   eprint = {1105.1978},
 primaryClass = "astro-ph.SR",
 keywords = {Active regions, magnetic fields, Flares, relation to magnetic field, Magnetic fields, photosphere, Sunspots},
     year = 2012,
    month = mar,
   volume = 277,
    pages = {45-57},
      doi = {10.1007/s11207-011-9796-4},
   adsurl = {http://adsabs.harvard.edu/abs/2012SoPh..277...45M},
  adsnote = {Provided by the SAO/NASA Astrophysics Data System}
}

@ARTICLE{Nandy:2001,
   author = {{Nandy}, D. and {Choudhuri}, A.~R.},
    title = "{Toward a Mean Field Formulation of the Babcock-Leighton Type Solar Dynamo. I. {$\alpha$}-Coefficient versus Durney's Double-Ring Approach}",
  journal = {\apj},
   eprint = {arXiv:astro-ph/0107466},
 keywords = {Magnetohydrodynamics: MHD, Sun: Interior, Sun: Magnetic Fields},
     year = 2001,
    month = apr,
   volume = 551,
    pages = {576-585},
      doi = {10.1086/320057},
   adsurl = {http://adsabs.harvard.edu/abs/2001ApJ...551..576N},
  adsnote = {Provided by the SAO/NASA Astrophysics Data System}
}

@book{national2008Severe,
  title={Severe Space Weather Events--Understanding Societal and Economic Impacts:A Workshop Report},
  author={Committee on the Societal and Economic Impacts of Severe Space Weather Events: A Workshop, National Research Council},
  isbn={9780309127691},
  url={http://www.nap.edu/openbook.php?record_id=12507},
  year={2008},
  publisher={The National Academies Press}
}

@BOOK{ONeill:2006,
   author = {{O'Neill}, I. J.},
    title = "{Quiescent Coronal Loops Heated by Turbulence}",
publisher = {Thesis submitted to The University of Wales by Ian James O'Neill MPhys (Wales) In Candidature for the Degree of Philosophiae Doctor},
     year = 2006,
    month = jun,
}

@ARTICLE{Neupert:1968,
   author = {{Neupert}, W.~M.},
    title = "{Comparison of Solar X-Ray Line Emission with Microwave Emission during Flares}",
  journal = {\apjl},
     year = 1968,
    month = jul,
   volume = 153,
    pages = {L59},
      doi = {10.1086/180220},
   adsurl = {http://adsabs.harvard.edu/abs/1968ApJ...153L..59N},
  adsnote = {Provided by the SAO/NASA Astrophysics Data System}
}

@ARTICLE{Newton:1951,
   author = {{Newton}, H.~W. and {Nunn}, M.~L.},
    title = "{The Sun's rotation derived from sunspots 1934-1944 and additional results}",
  journal = {\mnras},
     year = 1951,
   volume = 111,
    pages = {413},
   adsurl = {http://adsabs.harvard.edu/abs/1951MNRAS.111..413N},
  adsnote = {Provided by the SAO/NASA Astrophysics Data System}
}

@ARTICLE{Norton:2006,
   author = {{Norton}, A.~A. and {Graham}, J.~P. and {Ulrich}, R.~K. and 
	{Schou}, J. and {Tomczyk}, S. and {}, Y. and {Lites}, B.~W. and 
	{L{\'o}pez Ariste}, A. and {Bush}, R.~I. and {Socas-Navarro}, H. and 
	{Scherrer}, P.~H.},
    title = "{Spectral Line Selection for HMI: A Comparison of Fe I 6173 {\AA} and Ni I 6768 {\AA}}",
  journal = {\solphys},
   eprint = {arXiv:astro-ph/0608124},
     year = 2006,
    month = dec,
   volume = 239,
    pages = {69-91},
      doi = {10.1007/s11207-006-0279-y},
   adsurl = {http://adsabs.harvard.edu/abs/2006SoPh..239...69N},
  adsnote = {Provided by the SAO/NASA Astrophysics Data System}
}

@ARTICLE{Ofman:2010,
   author = {{Ofman}, L.},
    title = "{Wave Modeling of the Solar Wind}",
  journal = {Living Reviews in Solar Physics},
 keywords = {Multi-fluid models, Waves, MHD models, Hybrid models, Solar wind},
     year = 2010,
    month = oct,
   volume = 7,
    pages = {4},
   adsurl = {http://adsabs.harvard.edu/abs/2010LRSP....7....4O},
  adsnote = {Provided by the SAO/NASA Astrophysics Data System}
}

@ARTICLE{Park:2010,
   author = {{Park}, {S.-h.} and {Chae}, J. and {Wang}, H.},
    title = "{Productivity of Solar Flares and Magnetic Helicity Injection in Active Regions}",
  journal = {\apj},
archivePrefix = "arXiv",
   eprint = {1005.3416},
 primaryClass = "astro-ph.SR",
 keywords = {Sun: flares, Sun: magnetic topology, Sun: photosphere },
     year = 2010,
    month = jul,
   volume = 718,
    pages = {43-51},
      doi = {10.1088/0004-637X/718/1/43},
   adsurl = {http://adsabs.harvard.edu/abs/2010ApJ...718...43P},
  adsnote = {Provided by the SAO/NASA Astrophysics Data System}
}

@ARTICLE{Parker:1955,
   author = {{Parker}, E.~N.},
    title = "{Hydromagnetic Dynamo Models.}",
  journal = {\apj},
     year = 1955,
    month = sep,
   volume = 122,
    pages = {293},
      doi = {10.1086/146087},
   adsurl = {http://adsabs.harvard.edu/abs/1955ApJ...122..293P},
  adsnote = {Provided by the SAO/NASA Astrophysics Data System}
}

@ARTICLE{Parker:1955b,
   author = {{Parker}, E.~N.},
    title = "{The Formation of Sunspots from the Solar Toroidal Field.}",
  journal = {\apj},
     year = 1955,
    month = mar,
   volume = 121,
    pages = {491},
      doi = {10.1086/146010},
   adsurl = {http://adsabs.harvard.edu/abs/1955ApJ...121..491P},
  adsnote = {Provided by the SAO/NASA Astrophysics Data System}
}

@ARTICLE{Parker:1957,
   author = {{Parker}, E.~N.},
    title = "{The Solar Hydromagnetic Dynamo}",
  journal = {Proceedings of the National Academy of Science},
     year = 1957,
    month = jan,
   volume = 43,
    pages = {8-14},
   adsurl = {http://adsabs.harvard.edu/abs/1957PNAS...43....8P},
  adsnote = {Provided by the SAO/NASA Astrophysics Data System}
}

@ARTICLE{Parker:1957b,
   author = {{Parker}, E.~N.},
    title = "{Sweet's Mechanism for Merging Magnetic Fields in Conducting Fluids}",
  journal = {\jgr},
 keywords = {MAGNETIC FIELDS, THEORY},
     year = 1957,
    month = dec,
   volume = 62,
    pages = {509-520},
      doi = {10.1029/JZ062i004p00509},
   adsurl = {http://adsabs.harvard.edu/abs/1957JGR....62..509P},
  adsnote = {Provided by the SAO/NASA Astrophysics Data System}
}

@ARTICLE{Parker:1958,
   author = {{Parker}, E.~N.},
    title = "{Suprathermal Particle Generation in the Solar Corona.}",
  journal = {\apj},
     year = 1958,
    month = nov,
   volume = 128,
    pages = {677},
      doi = {10.1086/146580},
   adsurl = {http://adsabs.harvard.edu/abs/1958ApJ...128..677P},
  adsnote = {Provided by the SAO/NASA Astrophysics Data System}
}

@ARTICLE{Parker:1984,
   author = {{Parker}, E.~N.},
    title = "{Magnetic buoyancy and the escape of magnetic fields from stars}",
  journal = {\apj},
 keywords = {MAGNETOHYDRODYNAMIC WAVES, STELLAR MAGNETIC FIELDS, SUNSPOTS, CORIOLIS EFFECT, DYNAMO THEORY, EDDY VISCOSITY, REYNOLDS NUMBER},
     year = 1984,
    month = jun,
   volume = 281,
    pages = {839-845},
      doi = {10.1086/162163},
   adsurl = {http://adsabs.harvard.edu/abs/1984ApJ...281..839P},
  adsnote = {Provided by the SAO/NASA Astrophysics Data System}
}

@ARTICLE{parnell:2009,
   author = {{Parnell}, C.~E. and {DeForest}, C.~E. and {Hagenaar}, H.~J. and 
	{Johnston}, B.~A. and {Lamb}, D.~A. and {Welsch}, B.~T.},
    title = "{A Power-Law Distribution of Solar Magnetic Fields Over More Than Five Decades in Flux}",
  journal = {\apj},
 keywords = {Sun: magnetic fields, Sun: photosphere},
     year = 2009,
    month = jun,
   volume = 698,
    pages = {75-82},
      doi = {10.1088/0004-637X/698/1/75},
   adsurl = {http://adsabs.harvard.edu/abs/2009ApJ...698...75P},
  adsnote = {Provided by the SAO/NASA Astrophysics Data System}
}

@ARTICLE{PerezSuarez:2008,
   author = {{P{\'e}rez-Su{\'a}rez}, D. and {Maclean}, R.~C. and {Doyle}, J.~G. and 
	{Madjarska}, M.~S.},
    title = "{The structure and dynamics of a bright point as seen with Hinode, SoHO and TRACE}",
  journal = {\aap},
archivePrefix = "arXiv",
   eprint = {0810.1020},
 keywords = {Sun: activity, Sun: magnetic fields, Sun: corona, Sun:, chromosphere, line: profiles},
     year = 2008,
    month = dec,
   volume = 492,
    pages = {575-583},
      doi = {10.1051/0004-6361:200809507},
   adsurl = {http://adsabs.harvard.edu/abs/2008A%26A...492..575P},
  adsnote = {Provided by the SAO/NASA Astrophysics Data System}
}

@ARTICLE{Pesnell:2012,
   author = {{Pesnell}, W.~D. and {Thompson}, B.~J. and {Chamberlin}, P.~C.
	},
    title = "{The Solar Dynamics Observatory (SDO)}",
  journal = {\solphys},
 keywords = {SDO, Solar cycle, Helioseismology, Coronal, Space weather},
     year = 2012,
    month = jan,
   volume = 275,
    pages = {3-15},
      doi = {10.1007/s11207-011-9841-3},
   adsurl = {http://adsabs.harvard.edu/abs/2012SoPh..275....3P},
  adsnote = {Provided by the SAO/NASA Astrophysics Data System}
}

@ARTICLE{Petschek:1964,
   author = {{Petschek}, H.~E.},
    title = "{Magnetic Field Annihilation}",
  journal = {NASA Special Publication},
     year = 1964,
   volume = 50,
    pages = {425},
   adsurl = {http://adsabs.harvard.edu/abs/1964NASSP..50..425P},
  adsnote = {Provided by the SAO/NASA Astrophysics Data System}
}

@ARTICLE{Phillips:1998,
	author = {{Phillips}, K.},
    title = "{Book Review: Guide to the sun / Cambridge U Press, 1992 ; paperback 1995}",
  journal = {Mercury},
     year = 1998,
   volume = 27,
    pages = {32-+},
   adsurl = {http://adsabs.harvard.edu/abs/1998Mercu..27a..32P},
  adsnote = {Provided by the SAO/NASA Astrophysics Data System}
}

@BOOK{Phillips:2008,
   author = {{Phillips}, K.~J.~H. and {Feldman}, U. and {Landi}, E.},
    title = "{Ultraviolet and X-ray Spectroscopy of the Solar Atmosphere}",
 keywords = {Spectrum, Solar.~Ultraviolet Spectroscopy.~X-ray Spectroscopy.},
booktitle = {Ultraviolet and X-ray Spectroscopy of the Solar Atmosphere, by Kenneth J.~H.~Phillips; Uri Feldman and Enrico Landi.~ISBN 978-0-521-84160-3 (HB).~Published by Cambridge University Press, Cambridge, UK, 2008.},
     year = 2008,
publisher = {Cambridge University Press},
   adsurl = {http://adsabs.harvard.edu/abs/2008uxss.book.....P},
  adsnote = {Provided by the SAO/NASA Astrophysics Data System}
}
%   editor = "{Phillips, K.~J.~H., Feldman, U., \& Landi, E.}",

@ARTICLE{Pojoga:2002,
   author = {{Pojoga}, S. and {Cudnik}, B.},
    title = "{The Clustering Properties of Active Regions During the First Part of Solar Cycle 23}",
  journal = {\solphys},
     year = 2002,
    month = jul,
   volume = 208,
    pages = {17-32},
   adsurl = {http://adsabs.harvard.edu/abs/2002SoPh..208...17P},
  adsnote = {Provided by the SAO/NASA Astrophysics Data System}
}

@BOOK{Priest:2000,
   author = {{Priest}, E. and {Forbes}, T.},
    title = "{Magnetic Reconnection}",
publisher = {Magnetic Reconnection, by Eric Priest and Terry Forbes, pp.~612.~ISBN 0521481791.~Cambridge, UK: Cambridge University Press, June 2000.},
     year = 2000,
    month = jun,
   adsurl = {http://adsabs.harvard.edu/abs/2000mare.book.....P},
  adsnote = {Provided by the SAO/NASA Astrophysics Data System}
}

@ARTICLE{Qahwaji:2005,
   author = {{Qahwaji}, R. and {Colak}, T.},
    title = "{Automatic Detection and Verification of Solar Features}",
  journal = {International Journal of Imaging Systems Technology},
     year = 2005,
   volume = 15,
    pages = {199-210},
}

@ARTICLE{Qiu:2009,
   author = {{Qiu}, J. and {Gary}, D.~E. and {Fleishman}, G.~D.},
    title = "{Evaluating Mean Magnetic Field in Flare Loops}",
  journal = {\solphys},
     year = 2009,
    month = mar,
   volume = 255,
    pages = {107-118},
      doi = {10.1007/s11207-009-9316-y},
   adsurl = {http://adsabs.harvard.edu/abs/2009SoPh..255..107Q},
  adsnote = {Provided by the SAO/NASA Astrophysics Data System}
}

@article{Reale:2010,
  title    = {Coronal Loops: Observations and Modeling of Confined Plasma },
  author   = {Fabio Reale},
  journal  = {Living Reviews in Solar Physics},
  year     = {2010},
  number   = {5},
  volume   = {7},
  keywords = {Solar corona, Coronal loops},
  url      = {http://www.livingreviews.org/lrsp-2010-5}
}

@ARTICLE{Regnier:2007,
   author = {{R{\'e}gnier}, S.},
    title = "{Nonlinear force-free field extrapolation: numerical methods and applications}",
  journal = {Memorie della Societa Astronomica Italiana},
     year = 2007,
   volume = 78,
    pages = {126-+},
   adsurl = {http://adsabs.harvard.edu/abs/2007MmSAI..78..126R},
  adsnote = {Provided by the SAO/NASA Astrophysics Data System}
}

@ARTICLE{Regnier_Priest:2007,
   author = {{R{\'e}gnier}, S. and {Priest}, E.~R.},
    title = "{Free Magnetic Energy in Solar Active Regions above the Minimum-Energy Relaxed State}",
  journal = {Astrophysical Journal, Letters},
     year = 2007,
    month = nov,
   volume = 669,
    pages = {L53-L56},
      doi = {10.1086/523269},
   adsurl = {http://adsabs.harvard.edu/abs/2007ApJ...669L..53R},
  adsnote = {Provided by the SAO/NASA Astrophysics Data System}
}

@ARTICLE{Rieutord:2008,
   author = {{Rieutord}, M. and {Meunier}, N. and {Roudier}, T. and {Rondi}, S. and 
	{Beigbeder}, F. and {Par{\`e}s}, L.},
    title = "{Solar supergranulation revealed by granule tracking}",
  journal = {\aap},
archivePrefix = "arXiv",
   eprint = {0801.1369},
 keywords = {convection, turbulence, Sun: photosphere},
     year = 2008,
    month = feb,
   volume = 479,
    pages = {L17-L20},
      doi = {10.1051/0004-6361:20079077},
   adsurl = {http://adsabs.harvard.edu/abs/2008A%26A...479L..17R},
  adsnote = {Provided by the SAO/NASA Astrophysics Data System}
}

@ARTICLE{Rieutord:2010,
   author = {{Rieutord}, M. and {Rincon}, F.},
    title = "{The Sun's Supergranulation}",
  journal = {Living Reviews in Solar Physics},
archivePrefix = "arXiv",
   eprint = {1005.5376},
 primaryClass = "astro-ph.SR",
 keywords = {convection, MHD, supergranulation, turbulence},
     year = 2010,
    month = jun,
   volume = 7,
    pages = {2},
   adsurl = {http://adsabs.harvard.edu/abs/2010LRSP....7....2R},
  adsnote = {Provided by the SAO/NASA Astrophysics Data System}
}

@ARTICLE{Roberts:2010,
   author = {{Roberts}, D.~A.},
    title = "{Demonstrations that the Solar Wind is Not Accelerated By Waves or Turbulence}",
  journal = {\apj},
 keywords = {magnetic fields, solar wind, Sun: corona},
     year = 2010,
    month = mar,
   volume = 711,
    pages = {1044-1050},
      doi = {10.1088/0004-637X/711/2/1044},
   adsurl = {http://adsabs.harvard.edu/abs/2010ApJ...711.1044R},
  adsnote = {Provided by the SAO/NASA Astrophysics Data System}
}

@INBOOK{Roberts:2000,
   author = {{Roberts}, B.},
    title = "{Solar Photospheric Magnetic Flux Tubes: Theory}",
 keywords = {Sun, Solar Atmosphere},
booktitle = {Encyclopedia of Astronomy and Astrophysics},
     year = 2000,
    month = nov,
   editor = {{Murdin}, P.},
      doi = {10.1888/0333750888/2255},
   adsurl = {http://adsabs.harvard.edu/abs/2000eaa..bookE2255R},
  adsnote = {Provided by the SAO/NASA Astrophysics Data System}
}

@BOOK{Sagan:1980,
   author = {{Sagan}, C.},
    title = "{Cosmos}",
 keywords = {POPULAR ASTRONOMY},
publisher = {London: Macdonald Futura Publishers, and New York: Random House and Wings Books, |c1980},
     year = 1980,
   adsurl = {http://adsabs.harvard.edu/abs/1980cosm.book.....S},
  adsnote = {Provided by the SAO/NASA Astrophysics Data System}
}

@ARTICLE{Sammis:2000,
   author = {{Sammis}, I. and {Tang}, F. and {Zirin}, H.},
    title = "{The Dependence of Large Flare Occurrence on the Magnetic Structure of Sunspots}",
  journal = {Astrophysical Journal},
 keywords = {Sun: Activity, Sun: Flares, Sun: Magnetic Fields},
     year = 2000,
    month = sep,
   volume = 540,
    pages = {583-587},
      doi = {10.1086/309303},
   adsurl = {http://adsabs.harvard.edu/abs/2000ApJ...540..583S},
  adsnote = {Provided by the SAO/NASA Astrophysics Data System}
}

@ARTICLE{Schatzman:1949,
   author = {{Schatzman}, E.},
    title = "{The heating of the solar corona and chromosphere}",
  journal = {Annales d'Astrophysique},
     year = 1949,
    month = jan,
   volume = 12,
    pages = {203},
   adsurl = {http://adsabs.harvard.edu/abs/1949AnAp...12..203S},
  adsnote = {Provided by the SAO/NASA Astrophysics Data System}
}

@ARTICLE{Scherrer:1995,
   author = {{Scherrer}, P.~H. and {Bogart}, R.~S. and {Bush}, R.~I. and 
	{Hoeksema}, J.~T. and {Kosovichev}, A.~G. and {Schou}, J. and 
	{Rosenberg}, W. and {Springer}, L. and {Tarbell}, T.~D. and 
	{Title}, A. and {Wolfson}, C.~J. and {Zayer}, I. and {MDI Engineering Team}
	},
    title = "{The Solar Oscillations Investigation - Michelson Doppler Imager}",
  journal = {Solar Physics},
     year = 1995,
    month = dec,
   volume = 162,
    pages = {129-188},
      doi = {10.1007/BF00733429},
   adsurl = {http://adsabs.harvard.edu/abs/1995SoPh..162..129S},
  adsnote = {Provided by the SAO/NASA Astrophysics Data System}
}

@ARTICLE{Scherrer:2012,
   author = {{Scherrer}, P.~H. and {Schou}, J. and {Bush}, R.~I. and {Kosovichev}, A.~G. and 
	{Bogart}, R.~S. and {Hoeksema}, J.~T. and {}, Y. and {Duvall}, T.~L. and 
	{Zhao}, J. and {Title}, A.~M. and {Schrijver}, C.~J. and {Tarbell}, T.~D. and 
	{Tomczyk}, S.},
    title = "{The Helioseismic and Magnetic Imager (HMI) Investigation for the Solar Dynamics Observatory (SDO)}",
  journal = {\solphys},
     year = 2012,
    month = jan,
   volume = 275,
    pages = {207-227},
      doi = {10.1007/s11207-011-9834-2},
   adsurl = {http://adsabs.harvard.edu/abs/2012SoPh..275..207S},
  adsnote = {Provided by the SAO/NASA Astrophysics Data System}
}

@ARTICLE{Schinder:2000,
   author = {{Schindler}, K. and {Hornig}, G. and {Murdin}, P.},
    title = "{Magnetic Reconnection}",
  journal = {Encyclopedia of Astronomy and Astrophysics},
     year = 2000,
    month = nov,
      doi = {10.1888/0333750888/2224},
   adsurl = {http://adsabs.harvard.edu/abs/2000eaa..bookE2224S},
  adsnote = {Provided by the SAO/NASA Astrophysics Data System}
}

@ARTICLE{Schlichenmaier:2003,
   author = {{Schlichenmaier}, R. and {Solanki}, S.~K.},
    title = "{On the heat transport in a sunspot penumbra}",
  journal = {\aap},
 keywords = {Sun: magnetic fields, Sun: photosphere, sunspots, magnetohydrodynamics},
     year = 2003,
    month = nov,
   volume = 411,
    pages = {257-262},
      doi = {10.1051/0004-6361:20031120},
   adsurl = {http://adsabs.harvard.edu/abs/2003A%26A...411..257S},
  adsnote = {Provided by the SAO/NASA Astrophysics Data System}
}

@ARTICLE{Schou:1998,
   author = {{Schou}, J. and {Antia}, H.~M. and {Basu}, S. and {Bogart}, R.~S. and 
	{Bush}, R.~I. and {Chitre}, S.~M. and {Christensen-Dalsgaard}, J. and 
	{di Mauro}, M.~P. and {Dziembowski}, W.~A. and {Eff-Darwich}, A. and 
	{Gough}, D.~O. and {Haber}, D.~A. and {Hoeksema}, J.~T. and 
	{Howe}, R. and {Korzennik}, S.~G. and {Kosovichev}, A.~G. and 
	{Larsen}, R.~M. and {Pijpers}, F.~P. and {Scherrer}, P.~H. and 
	{Sekii}, T. and {Tarbell}, T.~D. and {Title}, A.~M. and {Thompson}, M.~J. and 
	{Toomre}, J.},
    title = "{Helioseismic Studies of Differential Rotation in the Solar Envelope by the Solar Oscillations Investigation Using the Michelson Doppler Imager}",
  journal = {\apj},
 keywords = {CONVECTION, SUN: INTERIOR, SUN: OSCILLATIONS, SUN: ROTATION},
     year = 1998,
    month = sep,
   volume = 505,
    pages = {390-417},
      doi = {10.1086/306146},
   adsurl = {http://adsabs.harvard.edu/abs/1998ApJ...505..390S},
  adsnote = {Provided by the SAO/NASA Astrophysics Data System}
}

@ARTICLE{Schou:2012,
   author = {{Schou}, J. and {Scherrer}, P.~H. and {Bush}, R.~I. and {Wachter}, R. and 
	{Couvidat}, S. and {Rabello-Soares}, M.~C. and {Bogart}, R.~S. and 
	{Hoeksema}, J.~T. and {}, Y. and {Duvall}, T.~L. and {Akin}, D.~J. and 
	{Allard}, B.~A. and {Miles}, J.~W. and {Rairden}, R. and {Shine}, R.~A. and 
	{Tarbell}, T.~D. and {Title}, A.~M. and {Wolfson}, C.~J. and 
	{Elmore}, D.~F. and {Norton}, A.~A. and {Tomczyk}, S.},
    title = "{Design and Ground Calibration of the Helioseismic and Magnetic Imager (HMI) Instrument on the Solar Dynamics Observatory (SDO)}",
  journal = {\solphys},
 keywords = {Solar Dynamics Observatory, Helioseismology, observations, Instrumentation and data management, Magnetic fields, photosphere},
     year = 2012,
    month = jan,
   volume = 275,
    pages = {229-259},
      doi = {10.1007/s11207-011-9842-2},
   adsurl = {http://adsabs.harvard.edu/abs/2012SoPh..275..229S},
  adsnote = {Provided by the SAO/NASA Astrophysics Data System}
}

@ARTICLE{Schrijver:1990,
   author = {{Schrijver}, C.~J. and {Martin}, S.~F.},
    title = "{Properties of the large- and small-scale flow patterns in and around AR 19824}",
  journal = {\solphys},
 keywords = {MAGNETIC FLUX, MAGNETIC SIGNATURES, PHOTOSPHERE, SOLAR ATMOSPHERE, SOLAR GRANULATION, SOLAR ROTATION, FLOW DISTRIBUTION, FLOW VELOCITY, SOLAR OBSERVATORIES},
     year = 1990,
    month = sep,
   volume = 129,
    pages = {95-112},
      doi = {10.1007/BF00154367},
   adsurl = {http://adsabs.harvard.edu/abs/1990SoPh..129...95S},
  adsnote = {Provided by the SAO/NASA Astrophysics Data System}
}

@ARTICLE{Schrijver:1992,
   author = {{Schrijver}, C.~J. and {Zwaan}, C. and {Balke}, A.~C. and {Tarbell}, T.~D. and 
	{Lawrence}, J.~K.},
    title = "{Patterns in the photospheric magnetic field and percolation theory}",
  journal = {\aap},
 keywords = {FACULAE, MAGNETIC FLUX, PERCOLATION, PHOTOSPHERE, SOLAR MAGNETIC FIELD, FRACTALS, MAGNETIC FIELD CONFIGURATIONS, RANDOM WALK},
     year = 1992,
    month = jan,
   volume = 253,
    pages = {L1-L4},
   adsurl = {http://adsabs.harvard.edu/abs/1992A%26A...253L...1S},
  adsnote = {Provided by the SAO/NASA Astrophysics Data System}
}

@ARTICLE{Schrijver:1996,
   author = {{Schrijver}, C.~J. and {Shine}, R.~A. and {Hagenaar}, H.~J. and 
	{Hurlburt}, N.~E. and {Title}, A.~M. and {Strous}, L.~H. and 
	{Jefferies}, S.~M. and {Jones}, A.~R. and {Harvey}, J.~W. and 
	{Duvall}, Jr., T.~L.},
    title = "{Dynamics of the Chromospheric Network: Mobility, Dispersal, and Diffusion Coefficients}",
  journal = {\apj},
 keywords = {SUN: CHROMOSPHERE, SUN: ACTIVITY, SUN: MAGNETIC FIELDS},
     year = 1996,
    month = sep,
   volume = 468,
    pages = {921-+},
      doi = {10.1086/177747},
   adsurl = {http://adsabs.harvard.edu/abs/1996ApJ...468..921S},
  adsnote = {Provided by the SAO/NASA Astrophysics Data System}
}

@ARTICLE{Schrijver:1997a,
   author = {{Schrijver}, C.~J. and {Hagenaar}, H.~J. and {Title}, A.~M.},
    title = "{On the Patterns of the Solar Granulation and Supergranulation}",
  journal = {\apj},
 keywords = {CONVECTION, SUN: CHROMOSPHERE, SUN: GRANULATION},
     year = 1997,
    month = jan,
   volume = 475,
    pages = {328},
      doi = {10.1086/303528},
   adsurl = {http://adsabs.harvard.edu/abs/1997ApJ...475..328S},
  adsnote = {Provided by the SAO/NASA Astrophysics Data System}
}

@ARTICLE{Schrijver:1997b,
   author = {{Schrijver}, C.~J. and {Title}, A.~M. and {van Ballegooijen}, A.~A. and 
	{Hagenaar}, H.~J. and {Shine}, R.~A.},
    title = "{Sustaining the Quiet Photospheric Network: The Balance of Flux Emergence, Fragmentation, Merging, and Cancellation}",
  journal = {Astrophysical Journal},
 keywords = {SUN: ACTIVITY, SUN: ATMOSPHERE, SUN: MAGNETIC FIELDS},
     year = 1997,
    month = sep,
   volume = 487,
    pages = {424-+},
      doi = {10.1086/304581},
   adsurl = {http://adsabs.harvard.edu/abs/1997ApJ...487..424S},
  adsnote = {Provided by the SAO/NASA Astrophysics Data System}
}

@ARTICLE{Schrijver:2001,
   author = {{Schrijver}, C.~J.},
    title = "{Simulations of the Photospheric Magnetic Activity and Outer Atmospheric Radiative Losses of Cool Stars Based on Characteristics of the Solar Magnetic Field}",
  journal = {Astrophysical Journal},
 keywords = {Stars: Activity, Stars: Magnetic Fields, Sun: Activity, Sun: Magnetic Fields},
     year = 2001,
    month = jan,
   volume = 547,
    pages = {475-490},
      doi = {10.1086/318333},
   adsurl = {http://adsabs.harvard.edu/abs/2001ApJ...547..475S},
  adsnote = {Provided by the SAO/NASA Astrophysics Data System}
}

@INPROCEEDINGS{Schrijver:2001b,
   author = {{Schrijver}, C.~J.},
    title = "{The Coronae of the Sun and Solar-type Stars (CD-ROM Directory: contribs/schrijv)}",
booktitle = {11th Cambridge Workshop on Cool Stars, Stellar Systems and the Sun},
     year = 2001,
   series = {Astronomical Society of the Pacific Conference Series},
   volume = 223,
   editor = "{R.~J.~Garcia Lopez, R.~Rebolo, \& M.~R.~Zapaterio Osorio}",
    pages = {131},
   adsurl = {http://adsabs.harvard.edu/abs/2001ASPC..223..131S},
  adsnote = {Provided by the SAO/NASA Astrophysics Data System}
}

@ARTICLE{Schrijver:2003,
   author = {{Schrijver}, C.~J. and {De Rosa}, M.~L.},
    title = "{Photospheric and heliospheric magnetic fields}",
  journal = {\solphys},
     year = 2003,
    month = jan,
   volume = 212,
    pages = {165-200},
      doi = {10.1023/A:1022908504100},
   adsurl = {http://adsabs.harvard.edu/abs/2003SoPh..212..165S},
  adsnote = {Provided by the SAO/NASA Astrophysics Data System}
}

@ARTICLE{Schrijver:2005,
   author = {{Schrijver}, C.~J. and {De Rosa}, M.~L. and {Title}, A.~M. and 
	{Metcalf}, T.~R.},
    title = "{The Nonpotentiality of Active-Region Coronae and the Dynamics of the Photospheric Magnetic Field}",
  journal = {\apj},
 keywords = {Sun: Solar Wind, Sun: Flares, Sun: Magnetic Fields},
     year = 2005,
    month = jul,
   volume = 628,
    pages = {501-513},
      doi = {10.1086/430733},
   adsurl = {http://adsabs.harvard.edu/abs/2005ApJ...628..501S},
  adsnote = {Provided by the SAO/NASA Astrophysics Data System}
}

@ARTICLE{Schrijver:2007,
   author = {{Schrijver}, C.~J.},
    title = "{A Characteristic Magnetic Field Pattern Associated with All Major Solar Flares and Its Use in Flare Forecasting}",
  journal = {Astrophysical Journall},
 keywords = {Sun: Flares, Sun: Magnetic Fields},
     year = 2007,
    month = feb,
   volume = 655,
    pages = {L117-L120},
      doi = {10.1086/511857},
   adsurl = {http://adsabs.harvard.edu/abs/2007ApJ...655L.117S},
  adsnote = {Provided by the SAO/NASA Astrophysics Data System}
}

@ARTICLE{Schrijver:2008a,
   author = {{Schrijver}, C.~J. and {DeRosa}, M.~L. and {Metcalf}, T. and 
	{Barnes}, G. and {Lites}, B. and {Tarbell}, T. and {McTiernan}, J. and 
	{Valori}, G. and {Wiegelmann}, T. and {Wheatland}, M.~S. and 
	{Amari}, T. and {Aulanier}, G. and {D{\'e}moulin}, P. and {Fuhrmann}, M. and 
	{Kusano}, K. and {R{\'e}gnier}, S. and {Thalmann}, J.~K.},
    title = "{Nonlinear Force-free Field Modeling of a Solar Active Region around the Time of a Major Flare and Coronal Mass Ejection}",
  journal = {Astrophysical Journal},
   eprint = {arXiv:0712.0023},
     year = 2008,
    month = mar,
   volume = 675,
    pages = {1637-1644},
      doi = {10.1086/527413},
   adsurl = {http://adsabs.harvard.edu/abs/2008ApJ...675.1637S},
  adsnote = {Provided by the SAO/NASA Astrophysics Data System}
}

@ARTICLE{Schrijver:2008b,
   author = {{Schrijver}, C.~J. and {Liu}, Y.},
    title = "{The Global Solar Magnetic Field Through a Full Sunspot Cycle: Observations and Model Results}",
  journal = {\solphys},
     year = 2008,
    month = oct,
   volume = 252,
    pages = {19-31},
      doi = {10.1007/s11207-008-9240-6},
   adsurl = {http://adsabs.harvard.edu/abs/2008SoPh..252...19S},
  adsnote = {Provided by the SAO/NASA Astrophysics Data System}
}

@ARTICLE{schussler:2006,
   author = {{Sch{\"u}ssler}, M. and {Baumann}, I.},
    title = "{Modeling the Sun's open magnetic flux}",
  journal = {\aap},
 keywords = {Sun: magnetic fields, Sun: corona},
     year = 2006,
    month = dec,
   volume = 459,
    pages = {945-953},
      doi = {10.1051/0004-6361:20065871},
   adsurl = {http://adsabs.harvard.edu/abs/2006A%26A...459..945S},
  adsnote = {Provided by the SAO/NASA Astrophysics Data System}
}

@ARTICLE{Schwabe:1844,
   author = {{Schwabe}, M.},
    title = "{Sonnenbeobachtungen im Jahre 1843. Von Herrn Hofrath Schwabe in Dessau}",
  journal = {Astronomische Nachrichten},
     year = 1844,
    month = feb,
   volume = 21,
    pages = {233-+},
   adsurl = {http://adsabs.harvard.edu/abs/1844AN.....21..233S},
  adsnote = {Provided by the SAO/NASA Astrophysics Data System}
}

@ARTICLE{Sheeley:1985,
   author = {{Sheeley}, Jr., N.~R. and {Devore}, C.~R. and {Boris}, J.~P.
	},
    title = "{Simulations of the mean solar magnetic field during sunspot cycle 21}",
  journal = {\solphys},
 keywords = {MAGNETIC FLUX, SOLAR MAGNETIC FIELD, SUNSPOT CYCLE, MAGNETIC FIELD CONFIGURATIONS, MAGNETIC MEASUREMENT, RANDOM WALK, TWENTY-SEVEN DAY VARIATION},
     year = 1985,
    month = aug,
   volume = 98,
    pages = {219-239},
      doi = {10.1007/BF00152457},
   adsurl = {http://adsabs.harvard.edu/abs/1985SoPh...98..219S},
  adsnote = {Provided by the SAO/NASA Astrophysics Data System}
}

@INPROCEEDINGS{Sheeley:1992,
   author = {{Sheeley}, Jr., N.~R.},
    title = "{The Flux-Transport Model and Its Implications}",
booktitle = {The Solar Cycle},
     year = 1992,
   series = {Astronomical Society of the Pacific Conference Series},
   volume = 27,
   editor = "{K.~L.~Harvey}",
    pages = {1},
   adsurl = {http://adsabs.harvard.edu/abs/1992ASPC...27....1S},
  adsnote = {Provided by the SAO/NASA Astrophysics Data System}
}

@ARTICLE{Sheeley:2005,
   author = {{Sheeley}, Jr., N.~R.},
    title = "{Surface Evolution of the Sun's Magnetic Field: A Historical Review of the Flux-Transport Mechanism}",
  journal = {Living Reviews in Solar Physics},
     year = 2005,
    month = oct,
   volume = 2,
    pages = {5},
   adsurl = {http://adsabs.harvard.edu/abs/2005LRSP....2....5S},
  adsnote = {Provided by the SAO/NASA Astrophysics Data System}
}

@ARTICLE{Simon:1995,
   author = {{Simon}, G.~W. and {Title}, A.~M. and {Weiss}, N.~O.},
    title = "{Kinematic models of supergranular diffusion on the Sun}",
  journal = {\apj},
 keywords = {DIFFUSION COEFFICIENT, DISTRIBUTION FUNCTIONS, KINEMATIC EQUATIONS, SOLAR GRANULATION, SOLAR MAGNETIC FIELD, STELLAR MODELS, MATHEMATICAL MODELS, MERIDIONAL FLOW, NUMERICAL ANALYSIS, SOLAR ACTIVITY},
     year = 1995,
    month = apr,
   volume = 442,
    pages = {886-897},
      doi = {10.1086/175491},
   adsurl = {http://adsabs.harvard.edu/abs/1995ApJ...442..886S},
  adsnote = {Provided by the SAO/NASA Astrophysics Data System}
}

@ARTICLE{Simon:1964,
   author = {{Simon}, G.~W. and {Leighton}, R.~B.},
    title = "{Velocity Fields in the Solar Atmosphere. III. Large-Scale Motions, the Chromospheric Network, and Magnetic Fields.}",
  journal = {\apj},
     year = 1964,
    month = oct,
   volume = 140,
    pages = {1120},
      doi = {10.1086/148010},
   adsurl = {http://adsabs.harvard.edu/abs/1964ApJ...140.1120S},
  adsnote = {Provided by the SAO/NASA Astrophysics Data System}
}

@ARTICLE{Smithson:1973,
   author = {{Smithson}, R.~C.},
    title = "{Videomagnetograph Studies of Solar Magnetic Fields. I: Magnetic Field Diffusion in Waek Plage Regions}",
  journal = {\solphys},
     year = 1973,
    month = apr,
   volume = 29,
    pages = {365-382},
      doi = {10.1007/BF00150814},
   adsurl = {http://adsabs.harvard.edu/abs/1973SoPh...29..365S},
  adsnote = {Provided by the SAO/NASA Astrophysics Data System}
}

@ARTICLE{Solanki:1986,
   author = {{Solanki}, S.~K.},
    title = "{Velocities in solar magnetic fluxtubes}",
  journal = {\aap},
 keywords = {FLOW VELOCITY, MAGNETIC FLUX, MAGNETOHYDRODYNAMIC FLOW, SOLAR FLUX, IRON, PHOTOSPHERE, SPECTRAL LINE WIDTH, TURBULENCE EFFECTS, WAVELENGTHS},
     year = 1986,
    month = nov,
   volume = 168,
    pages = {311-329},
   adsurl = {http://adsabs.harvard.edu/abs/1986A%26A...168..311S},
  adsnote = {Provided by the SAO/NASA Astrophysics Data System}
}

@ARTICLE{Solanki:1994,
   author = {{Solanki}, S.~K. and {Montavon}, C.~A.~P. and {Livingston}, W.
	},
    title = "{Infrared lines as probes of solar magnetic features. 7: On the nature of the Evershed effect in sunspots}",
  journal = {\aap},
 keywords = {INFRARED SPECTRA, LINE SPECTRA, PENUMBRAS, SOLAR LIMB, SOLAR MAGNETIC FIELD, SUNSPOTS, SOLAR SPECTRA, SPECTRUM ANALYSIS, STEADY FLOW},
     year = 1994,
    month = mar,
   volume = 283,
    pages = {221-231},
   adsurl = {http://adsabs.harvard.edu/abs/1994A%26A...283..221S},
  adsnote = {Provided by the SAO/NASA Astrophysics Data System}
}

@ARTICLE{Solanki:2003,
   author = {{Solanki}, S.~K.},
    title = "{Sunspots: An overview}",
  journal = {\aapr},
 keywords = {Sunspots, Sun: magnetic field, Sun: active regions, Sun: activity},
     year = 2003,
   volume = 11,
    pages = {153-286},
      doi = {10.1007/s00159-003-0018-4},
   adsurl = {http://adsabs.harvard.edu/abs/2003A%26ARv..11..153S},
  adsnote = {Provided by the SAO/NASA Astrophysics Data System}
}

@ARTICLE{Spiegel:1980,
   author = {{Spiegel}, E.~A. and {Weiss}, N.~O.},
    title = "{Magnetic activity and variations in solar luminosity}",
  journal = {\nat},
 keywords = {CONVECTIVE HEAT TRANSFER, LUMINOUS INTENSITY, MAGNETIC FLUX, PERIODIC VARIATIONS, SOLAR ACTIVITY, SOLAR MAGNETIC FIELD, STELLAR LUMINOSITY, RADIATIVE HEAT TRANSFER, SOLAR TEMPERATURE, STELLAR MODELS, TEMPERATURE GRADIENTS, TOROIDAL PLASMAS},
     year = 1980,
    month = oct,
   volume = 287,
    pages = {616},
      doi = {10.1038/287616a0},
   adsurl = {http://adsabs.harvard.edu/abs/1980Natur.287..616S},
  adsnote = {Provided by the SAO/NASA Astrophysics Data System}
}

@ARTICLE{Spruit:1976,
   author = {{Spruit}, H.~C.},
    title = "{Pressure equilibrium and energy balance of small photospheric fluxtubes}",
  journal = {\solphys},
 keywords = {ENERGY TRANSFER, GAS PRESSURE, MAGNETOSTATIC FIELDS, PHOTOSPHERE, SOLAR MAGNETIC FIELD, CONVECTIVE HEAT TRANSFER, EQUILIBRIUM, HEAT BALANCE, HEAT FLUX, MAGNETIC FIELD CONFIGURATIONS, MAGNETIC FLUX, RADIATIVE HEAT TRANSFER, SUNSPOTS, TEMPERATURE DISTRIBUTION},
     year = 1976,
    month = dec,
   volume = 50,
    pages = {269-295},
      doi = {10.1007/BF00155292},
   adsurl = {http://adsabs.harvard.edu/abs/1976SoPh...50..269S},
  adsnote = {Provided by the SAO/NASA Astrophysics Data System}
}

@ARTICLE{Spruit:1987,
   author = {{Spruit}, H.~C. and {Title}, A.~M. and {van Ballegooijen}, A.~A.
	},
    title = "{Is there a weak mixed polarity background field? Theoretical arguments}",
  journal = {\solphys},
 keywords = {CORONAL LOOPS, POLARITY, SOLAR ACTIVITY, SOLAR CORONA, SOLAR MAGNETIC FIELD, SUNSPOTS, BUOYANCY, COMPUTATIONAL ASTROPHYSICS, FIELD STRENGTH, MAGNETIC FLUX},
     year = 1987,
    month = mar,
   volume = 110,
    pages = {115-128},
      doi = {10.1007/BF00148207},
   adsurl = {http://adsabs.harvard.edu/abs/1987SoPh..110..115S},
  adsnote = {Provided by the SAO/NASA Astrophysics Data System}
}

@ARTICLE{stenflo:1986,
   author = {{Stenflo}, J.~O. and {Vogel}, M.},
    title = "{Global resonances in the evolution of solar magnetic fields}",
  journal = {\nat},
 keywords = {RESONANCE, SOLAR MAGNETIC FIELD, POWER SPECTRA, SOLAR ACTIVITY, SPHERICAL HARMONICS},
     year = 1986,
    month = jan,
   volume = 319,
    pages = {285-290},
      doi = {10.1038/319285a0},
   adsurl = {http://adsabs.harvard.edu/abs/1986Natur.319..285S},
  adsnote = {Provided by the SAO/NASA Astrophysics Data System}
}

@ARTICLE{stenflo:1988,
   author = {{Stenflo}, J.~O. and {Guedel}, M.},
    title = "{Evolution of solar magnetic fields - Modal structure}",
  journal = {\aap},
 keywords = {MAGNETIC FIELD CONFIGURATIONS, POWER SPECTRA, SOLAR MAGNETIC FIELD, SOLAR ROTATION, SYNOPTIC MEASUREMENT, ZONAL HARMONICS, AUTOCORRELATION, FOURIER TRANSFORMATION, RESONANT FREQUENCIES, SIGNAL TO NOISE RATIOS, TIME SERIES ANALYSIS},
     year = 1988,
    month = feb,
   volume = 191,
    pages = {137-148},
   adsurl = {http://adsabs.harvard.edu/abs/1988A%26A...191..137S},
  adsnote = {Provided by the SAO/NASA Astrophysics Data System}
}

@ARTICLE{Stokes:1851,
   author = {{Stokes}, G.~G.},
    title = "{On the Composition and Resolution of Streams of Polarized Light from different Sources}",
  journal = {Transactions of the Cambridge Philosophical Society},
     year = 1851,
   volume = 9,
    pages = {399},
   adsurl = {http://adsabs.harvard.edu/abs/1851TCaPS...9..399S},
  adsnote = {Provided by the SAO/NASA Astrophysics Data System}
}

@ARTICLE{Sudol:2005,
   author = {{Sudol}, J.~J. and {Harvey}, J.~W.},
    title = "{Longitudinal Magnetic Field Changes Accompanying Solar Flares}",
  journal = {\apj},
 keywords = {Sun: Flares, Sun: Magnetic Fields},
     year = 2005,
    month = dec,
   volume = 635,
    pages = {647-658},
      doi = {10.1086/497361},
   adsurl = {http://adsabs.harvard.edu/abs/2005ApJ...635..647S},
  adsnote = {Provided by the SAO/NASA Astrophysics Data System}
}

@ARTICLE{Svanda:2007,
   author = {{{\v S}vanda}, M. and {Kosovichev}, A.~G. and {Zhao}, J.},
    title = "{Speed of Meridional Flows and Magnetic Flux Transport on the Sun}",
  journal = {\apjl},
archivePrefix = "arXiv",
   eprint = {0710.0590},
 keywords = {Sun: Activity, Sun: Atmospheric Motions, Sun: Magnetic Fields},
     year = 2007,
    month = nov,
   volume = 670,
    pages = {L69-L72},
      doi = {10.1086/524059},
   adsurl = {http://adsabs.harvard.edu/abs/2007ApJ...670L..69S},
  adsnote = {Provided by the SAO/NASA Astrophysics Data System}
}

@INPROCEEDINGS{Sweet:1958,
   author = {{Sweet}, P.~A.},
    title = "{The Neutral Point Theory of Solar Flares}",
booktitle = {Electromagnetic Phenomena in Cosmical Physics},
     year = 1958,
   series = {IAU Symposium},
   volume = 6,
   editor = {{Lehnert}, B.},
    pages = {123},
   adsurl = {http://adsabs.harvard.edu/abs/1958IAUS....6..123S},
  adsnote = {Provided by the SAO/NASA Astrophysics Data System}
}

@ARTICLE{Tanaka:1986,
   author = {{Tanaka}, K.},
    title = "{High-energy observations of solar flares}",
  journal = {\apss},
 keywords = {JAPANESE SPACECRAFT, LINE SPECTRA, POWER SPECTRA, SOLAR FLARES, X RAY ASTRONOMY, HIGH TEMPERATURE PLASMAS, MORPHOLOGY, SATELLITE-BORNE INSTRUMENTS, SOLAR MAGNETIC FIELD, X RAY SPECTRA},
     year = 1986,
    month = jan,
   volume = 118,
    pages = {101-113},
      doi = {10.1007/BF00651116},
   adsurl = {http://adsabs.harvard.edu/abs/1986Ap%26SS.118..101T},
  adsnote = {Provided by the SAO/NASA Astrophysics Data System}
}

@ARTICLE{tang:1984,
   author = {{Tang}, F. and {Howard}, R. and {Adkins}, J.~M.},
    title = "{A statistical study of active regions 1967-1981}",
  journal = {\solphys},
 keywords = {MAGNETIC SIGNATURES, SOLAR ACTIVITY, SOLAR CYCLES, SOLAR MAGNETIC FIELD, STATISTICAL ANALYSIS, MAGNETIC FLUX, SIZE DISTRIBUTION, SUNSPOTS},
     year = 1984,
    month = mar,
   volume = 91,
    pages = {75-86},
      doi = {10.1007/BF00213614},
   adsurl = {http://adsabs.harvard.edu/abs/1984SoPh...91...75T},
  adsnote = {Provided by the SAO/NASA Astrophysics Data System}
}

@ARTICLE{Temmer:2006,
   author = {{Temmer}, M. and {Ryb{\'a}k}, J. and {Bend{\'{\i}}k}, P. and 
	{Veronig}, A. and {Vogler}, F. and {Otruba}, W. and {P{\"o}tzi}, W. and 
	{Hanslmeier}, A.},
    title = "{Hemispheric sunspot numbers $\{$R$_{n}$$\}$ and $\{$R$_{s}$$\}$ from 1945-2004: catalogue and N-S asymmetry analysis for solar cycles 18-23}",
  journal = {\aap},
 keywords = {catalogs, Sun: activity, Sun: sunspots, Sun: photosphere},
     year = 2006,
    month = feb,
   volume = 447,
    pages = {735-743},
      doi = {10.1051/0004-6361:20054060},
   adsurl = {http://adsabs.harvard.edu/abs/2006A%26A...447..735T},
  adsnote = {Provided by the SAO/NASA Astrophysics Data System}
}

@ARTICLE{Thalmann:2008,
   author = {{Thalmann}, J. K. and {Weigelmann}, T.},
    title = "{Evolution of flaring active region NOAA 10540 as a sequence of nonlinear force-free field extrapolations}",
  journal = {A\&A},
   eprint = {arXiv:0801.3234},
     year = 2008,
    month = March,
   volume = submitted,
    pages = {- -- -}
}

@INPROCEEDINGS{Thomas:2010,
   author = {{Thomas}, J.~H.},
    title = "{Theoretical Models of Sunspot Structure and Dynamics}",
booktitle = {Magnetic Coupling between the Interior and Atmosphere of the Sun, edited by S.S. Hasan and R.J. Rutten; ISSN 1570-6591 (Print) 1570-6605 (Online) Published by Springer Berlin Heidelberg; ISBN 978-3-642-02858-8 (Print) 978-3-642-02859-5 (Online), pp.229-242},
     year = 2010,
   editor = "{S.~S.~Hasan \& R.~J.~Rutten}",
    pages = {229-242},
      doi = {10.1007/978-3-642-02859-5_17},
   adsurl = {http://adsabs.harvard.edu/abs/2010mcia.conf..229T},
  adsnote = {Provided by the SAO/NASA Astrophysics Data System}
}

@ARTICLE{Thompson:2006,
   author = {{Thompson}, W.~T.},
    title = "{Coordinate systems for solar image data}",
  journal = {\aap},
 keywords = {standards, Sun: general, techniques: image processing, astronomical data bases: miscellaneous, methods: data analysis},
     year = 2006,
    month = apr,
   volume = 449,
    pages = {791-803},
      doi = {10.1051/0004-6361:20054262},
   adsurl = {http://adsabs.harvard.edu/abs/2006A%26A...449..791T},
  adsnote = {Provided by the SAO/NASA Astrophysics Data System}
}

@ARTICLE{Tran:2005,
   author = {{Tran}, T. and {Bertello}, L. and {Ulrich}, R.~K. and {Evans}, S.
	},
    title = "{Magnetic Fields from SOHO MDI Converted to the Mount Wilson 150 Foot Solar Tower Scale}",
  journal = {\apjs},
 keywords = {Sun: Solar-terrestrial Relations, Sun: Solar Wind, Sun: Activity, Sun: Magnetic Fields},
     year = 2005,
    month = feb,
   volume = 156,
    pages = {295-310},
      doi = {10.1086/426713},
   adsurl = {http://adsabs.harvard.edu/abs/2005ApJS..156..295T},
  adsnote = {Provided by the SAO/NASA Astrophysics Data System}
}

@ARTICLE{Tsiropoula:2007,
   author = {{Tsiropoula}, G. and {Tziotziou}, K. and {Wiegelmann}, T. and 
	{Zachariadis}, T. and {Gontikakis}, C. and {Dara}, H.},
    title = "{Evolution of a Coronal Loop System}",
  journal = {Solar Physics},
     year = 2007,
    month = jan,
   volume = 240,
    pages = {37-48},
      doi = {10.1007/s11207-006-0247-6},
   adsurl = {http://adsabs.harvard.edu/abs/2007SoPh..240...37T},
  adsnote = {Provided by the SAO/NASA Astrophysics Data System}
}

@ARTICLE{Ulrich:2002,
   author = {{Ulrich}, R.~K. and {Evans}, S. and {Boyden}, J.~E. and {Webster}, L.
	},
    title = "{Mount Wilson Synoptic Magnetic Fields: Improved Instrumentation, Calibration, and Analysis Applied to the 2000 July 14 Flare and to the Evolution of the Dipole Field}",
  journal = {\apjs},
 keywords = {Sun: Activity, Sun: Magnetic Fields, Sun: Prominences},
     year = 2002,
    month = mar,
   volume = 139,
    pages = {259-279},
      doi = {10.1086/337948},
   adsurl = {http://adsabs.harvard.edu/abs/2002ApJS..139..259U},
  adsnote = {Provided by the SAO/NASA Astrophysics Data System}
}

@ARTICLE{Ulrich:2005,
   author = {{Ulrich}, R.~K. and {Boyden}, J.~E.},
    title = "{The Solar Surface Toroidal Magnetic Field}",
  journal = {\apjl},
 keywords = {Sun: Activity, Sun: Magnetic Fields, Sun: Rotation},
     year = 2005,
    month = feb,
   volume = 620,
    pages = {L123-L127},
      doi = {10.1086/428724},
   adsurl = {http://adsabs.harvard.edu/abs/2005ApJ...620L.123U},
  adsnote = {Provided by the SAO/NASA Astrophysics Data System}
}

@ARTICLE{Verbeeck:2011,
   author = {{Verbeeck}, C. and {Higgins}, P.~A. and {Colak}, T. and {Watson}, F.~T. and 
	{Delouille}, V. and {Mampaey}, B. and {Qahwaji}, R.},
    title = "{A Multi-wavelength Analysis of Active Regions and Sunspots by Comparison of Automatic Detection Algorithms}",
  journal = {\solphys},
 keywords = {Active regions, Magnetic fields, Coronal structures, Sunspots},
     year = 2011,
    month = oct,
    pages = {369},
      doi = {10.1007/s11207-011-9859-6},
   adsurl = {http://adsabs.harvard.edu/abs/2011SoPh..tmp..369V},
  adsnote = {Provided by the SAO/NASA Astrophysics Data System}
}


@ARTICLE{Vaiana:1973,
   author = {{Vaiana}, G.~S. and {Krieger}, A.~S. and {Timothy}, A.~F.},
    title = "{Identification and Analysis of Structures in the Corona from X-Ray Photography}",
  journal = {\solphys},
     year = 1973,
    month = sep,
   volume = 32,
    pages = {81-116},
      doi = {10.1007/BF00152731},
   adsurl = {http://adsabs.harvard.edu/abs/1973SoPh...32...81V},
  adsnote = {Provided by the SAO/NASA Astrophysics Data System}
}

@ARTICLE{Wang:1988,
   author = {{Wang}, H.},
    title = "{Structure of magnetic fields on the quiet sun}",
  journal = {\solphys},
 keywords = {MAGNETIC FLUX, SOLAR GRANULATION, SOLAR MAGNETIC FIELD, STATISTICAL CORRELATION, AUTOCORRELATION, CROSS CORRELATION},
     year = 1988,
   volume = 116,
    pages = {1-16},
      doi = {10.1007/BF00171711},
   adsurl = {http://adsabs.harvard.edu/abs/1988SoPh..116....1W},
  adsnote = {Provided by the SAO/NASA Astrophysics Data System}
}

@ARTICLE{Wang:1989,
   author = {{Wang}, Y.-M. and {Nash}, A.~G. and {Sheeley}, Jr., N.~R.},
    title = "{Magnetic flux transport on the sun}",
  journal = {Science},
 keywords = {MAGNETIC FLUX, SOLAR GRANULATION, SOLAR MAGNETIC FIELD, SUNSPOT CYCLE, CORONAL HOLES, DIGITAL SIMULATION, RANDOM WALK, TRANSPORT PROPERTIES},
     year = 1989,
    month = aug,
   volume = 245,
    pages = {712-718},
      doi = {10.1126/science.245.4919.712},
   adsurl = {http://adsabs.harvard.edu/abs/1989Sci...245..712W},
  adsnote = {Provided by the SAO/NASA Astrophysics Data System}
}

@ARTICLE{Wang:1989b,
   author = {{Wang}, H. and {Zirin}, H.},
    title = "{Study of supergranules}",
  journal = {\solphys},
 keywords = {SOLAR ACTIVITY, SOLAR GRANULATION, CORRELATION, FLUX DENSITY, MAGNETIC FLUX, VELOCITY DISTRIBUTION},
     year = 1989,
    month = mar,
   volume = 120,
    pages = {1-17},
      doi = {10.1007/BF00148532},
   adsurl = {http://adsabs.harvard.edu/abs/1989SoPh..120....1W},
  adsnote = {Provided by the SAO/NASA Astrophysics Data System}
}

@ARTICLE{wang:2003a,
   author = {{Wang}, Y.-M. and {Sheeley}, Jr., N.~R.},
    title = "{On the Fluctuating Component of the Sun's Large-Scale Magnetic Field}",
  journal = {\apj},
 keywords = {Interplanetary Medium, Sun: Solar-terrestrial Relations, Sun: Activity, Sun: Corona, Sun: Magnetic Fields, Sun: Photosphere},
     year = 2003,
    month = jun,
   volume = 590,
    pages = {1111-1120},
      doi = {10.1086/375026},
   adsurl = {http://adsabs.harvard.edu/abs/2003ApJ...590.1111W},
  adsnote = {Provided by the SAO/NASA Astrophysics Data System}
}

@ARTICLE{Wang:2009,
   author = {{Wang}, Y.-M. and {Robbrecht}, E. and {Sheeley}, N.~R.},
    title = "{On the Weakening of the Polar Magnetic Fields during Solar Cycle 23}",
  journal = {\apj},
 keywords = {interplanetary medium, Sun: activity, Sun: corona, Sun: magnetic fields, Sun: photosphere, sunspots},
     year = 2009,
    month = dec,
   volume = 707,
    pages = {1372-1386},
      doi = {10.1088/0004-637X/707/2/1372},
   adsurl = {http://adsabs.harvard.edu/abs/2009ApJ...707.1372W},
  adsnote = {Provided by the SAO/NASA Astrophysics Data System}
}

@ARTICLE{Wang:2009b,
   author = {{Wang}, D. and {Zhang}, M. and {Li}, H. and {Zhang}, H.~Q.},
    title = "{A Cross-Comparison of Cotemporal Magnetograms Obtained with MDI/SOHO and SP/ Hinode}",
  journal = {Solar Physics},
 keywords = {Active region, magnetic fields, Magnetic fields, photosphere},
     year = 2009,
    month = nov,
   volume = 260,
    pages = {233-244},
      doi = {10.1007/s11207-009-9441-7},
   adsurl = {http://adsabs.harvard.edu/abs/2009SoPh..260..233W},
  adsnote = {Provided by the SAO/NASA Astrophysics Data System}
}

@ARTICLE{Watson:2009,
   author = {{Watson}, F. and {Fletcher}, L. and {Dalla}, S. and {Marshall}, S.
	},
    title = "{Modelling the Longitudinal Asymmetry in Sunspot Emergence: The Role of the Wilson Depression}",
  journal = {\solphys},
archivePrefix = "arXiv",
   eprint = {0909.0914},
 primaryClass = "astro-ph.SR",
 keywords = {Magnetic fields, Sun: photosphere, Sunspots},
     year = 2009,
    month = nov,
   volume = 260,
    pages = {5-19},
      doi = {10.1007/s11207-009-9420-z},
   adsurl = {http://adsabs.harvard.edu/abs/2009SoPh..260....5W},
  adsnote = {Provided by the SAO/NASA Astrophysics Data System}
}

@ARTICLE{Watson:2011,
   author = {{Watson}, F.~T. and {Fletcher}, L. and {Marshall}, S.},
    title = "{Evolution of sunspot properties during solar cycle 23}",
  journal = {\aap},
archivePrefix = "arXiv",
   eprint = {1108.4285},
 primaryClass = "astro-ph.SR",
 keywords = {Sun: activity, Sun: evolution, Sun: photosphere, sunspots},
     year = 2011,
    month = sep,
   volume = 533,
      eid = {A14},
    pages = {A14},
      doi = {10.1051/0004-6361/201116655},
   adsurl = {http://adsabs.harvard.edu/abs/2011A%26A...533A..14W},
  adsnote = {Provided by the SAO/NASA Astrophysics Data System}
}

@INPROCEEDINGS{Weiss:2006,
   author = {{Weiss}, N.~O.},
    title = "{The Puzzling Structure of a Sunspot}",
booktitle = {Solar MHD Theory and Observations: A High Spatial Resolution Perspective},
     year = 2006,
   series = {Astronomical Society of the Pacific Conference Series},
   volume = 354,
   editor = {{Leibacher}, J. and {Stein}, R.~F. and {Uitenbroek}, H.},
    month = dec,
    pages = {213},
   adsurl = {http://adsabs.harvard.edu/abs/2006ASPC..354..213W},
  adsnote = {Provided by the SAO/NASA Astrophysics Data System}
}

@ARTICLE{Weiss:2010,
   author = {{Weiss}, N.},
    title = "{Modulation of the sunspot cycle}",
  journal = {Astronomy and Geophysics},
     year = 2010,
    month = jun,
   volume = 51,
   number = 3,
    pages = {030000-+},
      doi = {10.1111/j.1468-4004.2010.51309.x},
   adsurl = {http://adsabs.harvard.edu/abs/2010A%26G....51c...9W},
  adsnote = {Provided by the SAO/NASA Astrophysics Data System}
}

@ARTICLE{Welsch:2009,
   author = {{Welsch}, B.~T. and {Li}, Y. and {Schuck}, P.~W. and {Fisher}, G.~H.
	},
    title = "{What is the Relationship Between Photospheric Flow Fields and Solar Flares?}",
  journal = {Astrophysical Journal},
archivePrefix = "arXiv",
   eprint = {0905.0529},
 keywords = {Sun: atmospheric motions, Sun: flares, Sun: magnetic fields},
     year = 2009,
    month = nov,
   volume = 705,
    pages = {821-843},
      doi = {10.1088/0004-637X/705/1/821},
   adsurl = {http://adsabs.harvard.edu/abs/2009ApJ...705..821W},
  adsnote = {Provided by the SAO/NASA Astrophysics Data System}
}

@ARTICLE{Welsch:2003,
   author = {{Welsch}, B.~T. and {Longcope}, D.~W.},
    title = "{Magnetic Helicity Injection by Horizontal Flows in the Quiet Sun. I. Mutual-Helicity Flux}",
  journal = {\apj},
 keywords = {Magnetohydrodynamics: MHD, Sun: Magnetic Fields},
     year = 2003,
    month = may,
   volume = 588,
    pages = {620-629},
      doi = {10.1086/368408},
   adsurl = {http://adsabs.harvard.edu/abs/2003ApJ...588..620W},
  adsnote = {Provided by the SAO/NASA Astrophysics Data System}
}

@ARTICLE{Wheatland:2000,
   author = {{Wheatland}, M.~S.},
    title = "{The Origin of the Solar Flare Waiting-Time Distribution}",
  journal = {\apjl},
   eprint = {arXiv:astro-ph/0005121},
 keywords = {Magnetohydrodynamics: MHD, Sun: Activity, Sun: Corona, Sun: Flares, X-Rays},
     year = 2000,
    month = jun,
   volume = 536,
    pages = {L109-L112},
      doi = {10.1086/312739},
   adsurl = {http://adsabs.harvard.edu/abs/2000ApJ...536L.109W},
  adsnote = {Provided by the SAO/NASA Astrophysics Data System}
}

@ARTICLE{Wheatland:2001,
   author = {{Wheatland}, M.~S.},
    title = "{Rates of Flaring in Individual Active Regions}",
  journal = {Solar Physics},
     year = 2001,
    month = oct,
   volume = 203,
    pages = {87-106},
   adsurl = {http://adsabs.harvard.edu/abs/2001SoPh..203...87W},
  adsnote = {Provided by the SAO/NASA Astrophysics Data System}
}

@ARTICLE{Wheatland:2002,
   author = {{Wheatland}, M.~S. and {Litvinenko}, Y.~E.},
    title = "{Understanding Solar Flare Waiting-Time Distributions}",
  journal = {\solphys},
     year = 2002,
    month = dec,
   volume = 211,
    pages = {255-274},
   adsurl = {http://adsabs.harvard.edu/abs/2002SoPh..211..255W},
  adsnote = {Provided by the SAO/NASA Astrophysics Data System}
}

@ARTICLE{Wheatland:2005,
   author = {{Wheatland}, M.~S.},
    title = "{A statistical solar flare forecast method}",
  journal = {Space Weather},
   eprint = {arXiv:astro-ph/0505311},
 keywords = {Solar Physics, Astrophysics, and Astronomy: Flares, Solar Physics, Astrophysics, and Astronomy: X-rays, gamma rays, and neutrinos, Space Weather: Forecasting (2722), Space Weather: Solar effects},
     year = 2005,
    month = jul,
   volume = 3,
      eid = {S07003},
    pages = {7003},
      doi = {10.1029/2004SW000131},
   adsurl = {http://adsabs.harvard.edu/abs/2005SpWea...307003W},
  adsnote = {Provided by the SAO/NASA Astrophysics Data System}
}

@ARTICLE{Wiegelmann:2002,
   author = {{Wiegelmann}, T. and {Neukirch}, T.},
    title = "{Including stereoscopic information in the reconstruction of coronal magnetic fields}",
  journal = {Solar Physics},
   eprint = {arXiv:0801.3234},
     year = 2002,
    month = aug,
   volume = 208,
    pages = {233-251},
   adsurl = {http://adsabs.harvard.edu/abs/2002SoPh..208..233W},
  adsnote = {Provided by the SAO/NASA Astrophysics Data System}
}


@ARTICLE{Wiegelmann:2005,
   author = {{Wiegelmann}, T. and {Inhester}, B. and {Lagg}, A. and {Solanki}, S.~K.},
    title = "{How To Use Magnetic Field Information For Coronal Loop Identification}",
  journal = {Solar Physics},
   eprint = {arXiv:0801.4573},
     year = 2005,
    month = may,
   volume = 228,
    pages = {67-78},
      doi = {10.1007/s11207-005-2511-6},
   adsurl = {http://adsabs.harvard.edu/abs/2005SoPh..228...67W},
  adsnote = {Provided by the SAO/NASA Astrophysics Data System}
}

@ARTICLE{Wilcox:1970,
   author = {{Wilcox}, J.~M. and {Howard}, R.},
    title = "{Differential Rotation of the Photospheric Magnetic Field}",
  journal = {\solphys},
     year = 1970,
    month = aug,
   volume = 13,
    pages = {251-260},
      doi = {10.1007/BF00153547},
   adsurl = {http://adsabs.harvard.edu/abs/1970SoPh...13..251W},
  adsnote = {Provided by the SAO/NASA Astrophysics Data System}
}

@ARTICLE{Worden:1976,
   author = {{Worden}, S.~P. and {Simon}, G.~W.},
    title = "{A study of supergranulation using a diode array magnetograph}",
  journal = {\solphys},
 keywords = {CONVECTIVE FLOW, MAGNETIC FLUX, MAGNETIC SIGNATURES, PHOTODIODES, SOLAR GRANULATION, SOLAR MAGNETIC FIELD, CALIBRATING, MAGNETIC MEASUREMENT, SOLAR ARRAYS, VELOCITY DISTRIBUTION},
     year = 1976,
    month = jan,
   volume = 46,
    pages = {73-91},
      doi = {10.1007/BF00157555},
   adsurl = {http://adsabs.harvard.edu/abs/1976SoPh...46...73W},
  adsnote = {Provided by the SAO/NASA Astrophysics Data System}
}

@ARTICLE{Yamada:2010,
   author = {{Yamada}, M. and {Kulsrud}, R. and {Ji}, H.},
    title = "{Magnetic reconnection}",
  journal = {Reviews of Modern Physics},
 keywords = {Magnetic reconnection, Magnetic reconnection, Magnetic reconnection},
     year = 2010,
    month = jan,
   volume = 82,
    pages = {603-664},
      doi = {10.1103/RevModPhys.82.603},
   adsurl = {http://adsabs.harvard.edu/abs/2010RvMP...82..603Y},
  adsnote = {Provided by the SAO/NASA Astrophysics Data System}
}

@INPROCEEDINGS{Zhang:2009,
   author = {{Zhang}, J. and {Wang}, Y. and {Robinette}, S.},
    title = "{Toward Creating A Comprehensive Digital Active Region Catalog}",
booktitle = {AAS/Solar Physics Division Meeting},
     year = 2009,
   series = {AAS/Solar Physics Division Meeting},
   volume = 40,
    month = may,
    pages = {09.21-+},
   adsurl = {http://adsabs.harvard.edu/abs/2009SPD....40.0921Z},
  adsnote = {Provided by the SAO/NASA Astrophysics Data System}
}

@ARTICLE{zhang:2010,
   author = {{Zhang}, J. and {Wang}, Y. and {}, Y.},
    title = "{Statistical Properties of Solar Active Regions Obtained from an Automatic Detection System and the Computational Biases}",
  journal = {\apj},
 keywords = {Sun: general, Sun: magnetic topology, Sun: surface magnetism},
     year = 2010,
    month = nov,
   volume = 723,
    pages = {1006-1018},
      doi = {10.1088/0004-637X/723/2/1006},
   adsurl = {http://adsabs.harvard.edu/abs/2010ApJ...723.1006Z},
  adsnote = {Provided by the SAO/NASA Astrophysics Data System}
}

@ARTICLE{Zhao:2004,
   author = {{Zhao}, J. and {Kosovichev}, A.~G.},
    title = "{Torsional Oscillation, Meridional Flows, and Vorticity Inferred in the Upper Convection Zone of the Sun by Time-Distance Helioseismology}",
  journal = {\apj},
 keywords = {Sun: Activity, Sun: Helioseismology, Sun: Interior, Sun: Oscillations, Sun: Rotation},
     year = 2004,
    month = mar,
   volume = 603,
    pages = {776-784},
      doi = {10.1086/381489},
   adsurl = {http://adsabs.harvard.edu/abs/2004ApJ...603..776Z},
  adsnote = {Provided by the SAO/NASA Astrophysics Data System}
}

@ARTICLE{Zharkova:2005,
   author = {{Zharkova}, V.~V. and {Aboudarham}, J. and {Zharkov}, S. and 
	{Ipson}, S.~S. and {Benkhalil}, A.~K. and {Fuller}, N.},
    title = "{Solar Feature Catalogues In Egso}",
  journal = {Solar Physics},
     year = 2005,
    month = may,
   volume = 228,
    pages = {361-375},
      doi = {10.1007/s11207-005-5623-0},
   adsurl = {http://adsabs.harvard.edu/abs/2005SoPh..228..361Z},
  adsnote = {Provided by the SAO/NASA Astrophysics Data System}
}

@ARTICLE{ZharkovaSchetinin:2005,
   author = {{Zharkova}, V.~V. and {Schetinin}, V.},
    title = "{Filament Recognition In Solar Images With The Neural Network Technique}",
  journal = {Solar Physics},
     year = 2005,
    month = may,
   volume = 228,
    pages = {137-148},
      doi = {10.1007/s11207-005-5622-1},
   adsurl = {http://adsabs.harvard.edu/abs/2005SoPh..228..137Z},
  adsnote = {Provided by the SAO/NASA Astrophysics Data System}
}

@ARTICLE{zharkov:2006,
   author = {{Zharkov}, S.~I. and {Zharkova}, V.~V.},
    title = "{Statistical analysis of the sunspot area and magnetic flux variations in 1996 2005 extracted from the Solar Feature Catalogue}",
  journal = {Advances in Space Research},
     year = 2006,
   volume = 38,
    pages = {868-875},
      doi = {10.1016/j.asr.2006.03.035},
   adsurl = {http://adsabs.harvard.edu/abs/2006AdSpR..38..868Z},
  adsnote = {Provided by the SAO/NASA Astrophysics Data System}
}

@ARTICLE{Zharkov:2008,
   author = {{Zharkov}, S. and {Gavryuseva}, E. and {Zharkova}, V.},
    title = "{The Observed Long- and Short-Term Phase Relation between the Toroidal and Poloidal Magnetic Fields in Cycle 23}",
  journal = {\solphys},
 keywords = {Solar cycle: observations, Sunspots: magnetic fields, statistics},
     year = 2008,
    month = apr,
   volume = 248,
    pages = {339-358},
      doi = {10.1007/s11207-007-9109-0},
   adsurl = {http://adsabs.harvard.edu/abs/2008SoPh..248..339Z},
  adsnote = {Provided by the SAO/NASA Astrophysics Data System}
}